<?xml version="1.0" encoding="UTF-8"?>
<!DOCTYPE html PUBLIC "-//W3C//DTD XHTML 1.0 Transitional//EN"
    "http://www.w3.org/TR/xhtml1/DTD/xhtml1-transitional.dtd">
<html xmlns="http://www.w3.org/1999/xhtml" xml:lang="en" lang="en">
 <head>
  <title>
</title>
<meta http-equiv="Content-Type" content="text/html;charset=utf-8" />
  <meta name='ocr-system' content='tesseract 3.04.00' />
  <meta name='ocr-capabilities' content='ocr_page ocr_carea ocr_par ocr_line ocrx_word'/>
</head>
<body>
  <div class='ocr_page' id='page_1' title='image "./desermonispropr00hellgoog_0009.png"; bbox 0 0 2880 5040; ppageno 0'>
   <div class='ocr_carea' id='block_1_1' title="bbox 220 280 889 387">
    <p class='ocr_par' dir='ltr' id='par_1_1' title="bbox 220 280 889 387">
     <span class='ocr_line' id='line_1_1' title="bbox 220 280 889 387; baseline 0.003 -11"><span class='ocrx_word' id='word_1_1' title='bbox 220 280 244 387; x_wconf 60' lang='lat'><strong>&#39;4</strong></span> <span class='ocrx_word' id='word_1_2' title='bbox 685 321 720 376; x_wconf 86' lang='lat' dir='ltr'><strong>n.</strong></span> <span class='ocrx_word' id='word_1_3' title='bbox 740 308 889 378; x_wconf 66' lang='lat' dir='ltr'><strong>norimus.</strong></span> 
     </span>
    </p>
   </div>
   <div class='ocr_carea' id='block_1_2' title="bbox 182 489 1406 3896">
    <p class='ocr_par' dir='ltr' id='par_1_2' title="bbox 182 489 1353 1985">
     <span class='ocr_line' id='line_1_2' title="bbox 305 489 1352 574; baseline 0 -19"><span class='ocrx_word' id='word_1_4' title='bbox 305 491 394 557; x_wconf 89' lang='lat' dir='ltr'><strong>Haec</strong></span> <span class='ocrx_word' id='word_1_5' title='bbox 422 496 527 557; x_wconf 90' lang='lat' dir='ltr'><strong>autem</strong></span> <span class='ocrx_word' id='word_1_6' title='bbox 555 494 759 574; x_wconf 90' lang='lat' dir='ltr'><strong>cognatorum</strong></span> <span class='ocrx_word' id='word_1_7' title='bbox 790 490 954 556; x_wconf 92' lang='lat' dir='ltr'><strong>verborum</strong></span> <span class='ocrx_word' id='word_1_8' title='bbox 983 489 1175 555; x_wconf 78' lang='lat' dir='ltr'><strong>consociatio</strong></span> <span class='ocrx_word' id='word_1_9' title='bbox 1197 508 1352 574; x_wconf 80' lang='lat' dir='ltr'><strong>persaepe</strong></span> 
     </span>
     <span class='ocr_line' id='line_1_3' title="bbox 222 590 1350 675; baseline -0.003 -18"><span class='ocrx_word' id='word_1_10' title='bbox 222 612 242 657; x_wconf 90' lang='lat' dir='ltr'><strong>a</strong></span> <span class='ocrx_word' id='word_1_11' title='bbox 263 592 328 657; x_wconf 84' lang='lat' dir='ltr'><strong>(lic.</strong></span> <span class='ocrx_word' id='word_1_12' title='bbox 350 592 517 658; x_wconf 85' lang='lat' dir='ltr'><strong>artificiose</strong></span> <span class='ocrx_word' id='word_1_13' title='bbox 538 591 714 675; x_wconf 87' lang='lat' dir='ltr'><strong>composita</strong></span> <span class='ocrx_word' id='word_1_14' title='bbox 735 595 792 671; x_wconf 91' lang='lat' dir='ltr'><strong>est,</strong></span> <span class='ocrx_word' id='word_1_15' title='bbox 814 596 848 655; x_wconf 93' lang='lat' dir='ltr'><strong>ut</strong></span> <span class='ocrx_word' id='word_1_16' title='bbox 869 590 1097 656; x_wconf 88' lang='lat' dir='ltr'><strong>alliteratio</strong></span> <span class='ocrx_word' id='word_1_17' title='bbox 1118 590 1274 674; x_wconf 89' lang='lat' dir='ltr'><strong>quaedam</strong></span> <span class='ocrx_word' id='word_1_18' title='bbox 1297 609 1350 655; x_wconf 85' lang='lat' dir='ltr'><strong>ex-</strong></span> 
     </span>
     <span class='ocr_line' id='line_1_4' title="bbox 223 686 1352 775; baseline 0 -19"><span class='ocrx_word' id='word_1_19' title='bbox 223 694 325 757; x_wconf 89' lang='lat' dir='ltr'><strong>sistat.</strong></span> <span class='ocrx_word' id='word_1_20' title='bbox 367 691 410 758; x_wconf 92' lang='lat' dir='ltr'><strong>Ut</strong></span> <span class='ocrx_word' id='word_1_21' title='bbox 430 693 526 775; x_wconf 87' lang='lat' dir='ltr'><strong>igitur</strong></span> <span class='ocrx_word' id='word_1_22' title='bbox 548 686 724 775; x_wconf 82' lang='lat' dir='ltr'><strong>qu‘aestioni</strong></span> <span class='ocrx_word' id='word_1_23' title='bbox 746 691 807 774; x_wconf 91' lang='lat' dir='ltr'><strong>ipsi</strong></span> <span class='ocrx_word' id='word_1_24' title='bbox 828 710 867 756; x_wconf 90' lang='lat' dir='ltr'><strong>nc</strong></span> <span class='ocrx_word' id='word_1_25' title='bbox 889 692 964 773; x_wconf 93' lang='lat' dir='ltr'><strong>quid</strong></span> <span class='ocrx_word' id='word_1_26' title='bbox 986 711 1201 775; x_wconf 86' lang='lat' dir='ltr'><strong>praesumam,</strong></span> <span class='ocrx_word' id='word_1_27' title='bbox 1228 691 1352 756; x_wconf 91' lang='lat' dir='ltr'><strong>animos</strong></span> 
     </span>
     <span class='ocr_line' id='line_1_5' title="bbox 222 792 1351 876; baseline -0.002 -19"><span class='ocrx_word' id='word_1_28' title='bbox 222 792 395 876; x_wconf 91' lang='lat' dir='ltr'><strong>legentium</strong></span> <span class='ocrx_word' id='word_1_29' title='bbox 427 793 643 858; x_wconf 91' lang='lat' dir='ltr'><strong>tantummodo</strong></span> <span class='ocrx_word' id='word_1_30' title='bbox 673 792 715 856; x_wconf 90' lang='lat' dir='ltr'><strong>ad</strong></span> <span class='ocrx_word' id='word_1_31' title='bbox 736 794 766 872; x_wconf 66' lang='grc' dir='ltr'><strong>ξ.</strong></span> <span class='ocrx_word' id='word_1_32' title='bbox 789 793 830 858; x_wconf 87' lang='grc'><strong>10</strong></span> <span class='ocrx_word' id='word_1_33' title='bbox 851 793 1000 857; x_wconf 90' lang='lat' dir='ltr'><strong>orationis</strong></span> <span class='ocrx_word' id='word_1_34' title='bbox 1021 815 1051 876; x_wconf 90' lang='lat' dir='ltr'><strong>p.</strong></span> <span class='ocrx_word' id='word_1_35' title='bbox 1077 793 1199 869; x_wconf 84' lang='lat' dir='ltr'><strong>Quinct.</strong></span> <span class='ocrx_word' id='word_1_36' title='bbox 1223 810 1351 856; x_wconf 90' lang='lat' dir='ltr'><strong>couver-</strong></span> 
     </span>
     <span class='ocr_line' id='line_1_6' title="bbox 222 892 1351 978; baseline -0.004 -19"><span class='ocrx_word' id='word_1_37' title='bbox 222 900 303 975; x_wconf 88' lang='lat' dir='ltr'><strong>tam,</strong></span> <span class='ocrx_word' id='word_1_38' title='bbox 339 912 401 976; x_wconf 95' lang='lat' dir='ltr'><strong>quo</strong></span> <span class='ocrx_word' id='word_1_39' title='bbox 432 894 465 958; x_wconf 90' lang='lat' dir='ltr'><strong>in</strong></span> <span class='ocrx_word' id='word_1_40' title='bbox 495 894 697 978; x_wconf 82' lang='lat' dir='ltr'><strong>paragrapho</strong></span> <span class='ocrx_word' id='word_1_41' title='bbox 719 892 780 958; x_wconf 93' lang='lat' dir='ltr'><strong>hoe</strong></span> <span class='ocrx_word' id='word_1_42' title='bbox 800 892 965 957; x_wconf 90' lang='lat' dir='ltr'><strong>verborum</strong></span> <span class='ocrx_word' id='word_1_43' title='bbox 988 892 1127 957; x_wconf 90' lang='lat' dir='ltr'><strong>inflatum</strong></span> <span class='ocrx_word' id='word_1_44' title='bbox 1150 893 1275 958; x_wconf 85' lang='lat' dir='ltr'><strong>dicendi</strong></span> <span class='ocrx_word' id='word_1_45' title='bbox 1297 911 1351 975; x_wconf 89' lang='lat' dir='ltr'><strong>ge·</strong></span> 
     </span>
     <span class='ocr_line' id='line_1_7' title="bbox 221 992 1351 1078; baseline 0 -21"><span class='ocrx_word' id='word_1_46' title='bbox 221 1013 279 1058; x_wconf 90' lang='lat' dir='ltr'><strong>nus</strong></span> <span class='ocrx_word' id='word_1_47' title='bbox 298 993 468 1059; x_wconf 86' lang='lat' dir='ltr'><strong>admodum</strong></span> <span class='ocrx_word' id='word_1_48' title='bbox 490 995 656 1078; x_wconf 88' lang='lat' dir='ltr'><strong>perspicue</strong></span> <span class='ocrx_word' id='word_1_49' title='bbox 677 999 750 1059; x_wconf 88' lang='lat' dir='ltr'><strong>ante</strong></span> <span class='ocrx_word' id='word_1_50' title='bbox 772 992 879 1058; x_wconf 90' lang='lat' dir='ltr'><strong>oculos</strong></span> <span class='ocrx_word' id='word_1_51' title='bbox 900 994 1041 1077; x_wconf 90' lang='lat' dir='ltr'><strong>ponitur:</strong></span> <span class='ocrx_word' id='word_1_52' title='bbox 1064 993 1153 1074; x_wconf 81' lang='lat' dir='ltr'><strong>‚Cum</strong></span> <span class='ocrx_word' id='word_1_53' title='bbox 1174 999 1220 1058; x_wconf 93' lang='lat' dir='ltr'><strong>tot</strong></span> <span class='ocrx_word' id='word_1_54' title='bbox 1241 994 1351 1058; x_wconf 90' lang='lat' dir='ltr'><strong>tantis·</strong></span> 
     </span>
     <span class='ocr_line' id='line_1_8' title="bbox 222 1093 1352 1178; baseline 0 -19"><span class='ocrx_word' id='word_1_55' title='bbox 222 1114 282 1178; x_wconf 90' lang='lat' dir='ltr'><strong>quc</strong></span> <span class='ocrx_word' id='word_1_56' title='bbox 303 1094 539 1159; x_wconf 87' lang='lat' dir='ltr'><strong>difficultatibus</strong></span> <span class='ocrx_word' id='word_1_57' title='bbox 561 1094 691 1160; x_wconf 86' lang='lat' dir='ltr'><strong>affectus</strong></span> <span class='ocrx_word' id='word_1_58' title='bbox 712 1099 806 1177; x_wconf 88' lang='lat' dir='ltr'><strong>atquc</strong></span> <span class='ocrx_word' id='word_1_59' title='bbox 828 1093 963 1159; x_wconf 87' lang='lat' dir='ltr'><strong>afflictus</strong></span> <span class='ocrx_word' id='word_1_60' title='bbox 985 1094 1016 1158; x_wconf 93' lang='lat' dir='ltr'><strong>in</strong></span> <span class='ocrx_word' id='word_1_61' title='bbox 1039 1101 1123 1158; x_wconf 87' lang='lat' dir='ltr'><strong>tuam</strong></span> <span class='ocrx_word' id='word_1_62' title='bbox 1147 1093 1248 1174; x_wconf 88' lang='lat' dir='ltr'><strong>tidem,</strong></span> <span class='ocrx_word' id='word_1_63' title='bbox 1271 1095 1352 1159; x_wconf 89' lang='lat' dir='ltr'><strong>veri-</strong></span> 
     </span>
     <span class='ocr_line' id='line_1_9' title="bbox 223 1194 1352 1279; baseline -0.001 -18"><span class='ocrx_word' id='word_1_64' title='bbox 223 1202 334 1279; x_wconf 81' lang='lat' dir='ltr'><strong>tatem,</strong></span> <span class='ocrx_word' id='word_1_65' title='bbox 357 1194 607 1261; x_wconf 89' lang='lat' dir='ltr'><strong>misericordiam</strong></span> <span class='ocrx_word' id='word_1_66' title='bbox 628 1196 663 1260; x_wconf 92' lang='lat' dir='ltr'><strong>P.</strong></span> <span class='ocrx_word' id='word_1_67' title='bbox 686 1195 848 1272; x_wconf 77' lang='lat' dir='ltr'><strong>Quinctius</strong></span> <span class='ocrx_word' id='word_1_68' title='bbox 870 1195 1062 1278; x_wconf 76' lang='lat' dir='ltr'><strong>confugerit3</strong></span> <span class='ocrx_word' id='word_1_69' title='bbox 1094 1214 1164 1260; x_wconf 92' lang='lat' dir='ltr'><strong>cum</strong></span> <span class='ocrx_word' id='word_1_70' title='bbox 1197 1195 1301 1260; x_wconf 91' lang='lat' dir='ltr'><strong>adhuc</strong></span> <span class='ocrx_word' id='word_1_71' title='bbox 1323 1196 1352 1260; x_wconf 94' lang='lat' dir='ltr'><strong>ei</strong></span> 
     </span>
     <span class='ocr_line' id='line_1_10' title="bbox 182 1295 1353 1381; baseline -0.001 -19"><span class='ocrx_word' id='word_1_72' title='bbox 182 1318 185 1323; x_wconf 66' lang='grc'>’</span> <span class='ocrx_word' id='word_1_73' title='bbox 221 1302 348 1381; x_wconf 89' lang='lat' dir='ltr'><strong>propter</strong></span> <span class='ocrx_word' id='word_1_74' title='bbox 368 1297 432 1360; x_wconf 93' lang='lat' dir='ltr'><strong>vim</strong></span> <span class='ocrx_word' id='word_1_75' title='bbox 454 1295 708 1362; x_wconf 87' lang='lat' dir='ltr'><strong>adversariorum</strong></span> <span class='ocrx_word' id='word_1_76' title='bbox 729 1315 791 1360; x_wconf 92' lang='lat' dir='ltr'><strong>non</strong></span> <span class='ocrx_word' id='word_1_77' title='bbox 812 1295 861 1359; x_wconf 90' lang='lat' dir='ltr'><strong>ius</strong></span> <span class='ocrx_word' id='word_1_78' title='bbox 882 1315 954 1378; x_wconf 91' lang='lat' dir='ltr'><strong>par,</strong></span> <span class='ocrx_word' id='word_1_79' title='bbox 987 1315 1049 1360; x_wconf 93' lang='lat' dir='ltr'><strong>non</strong></span> <span class='ocrx_word' id='word_1_80' title='bbox 1071 1296 1188 1379; x_wconf 90' lang='lat' dir='ltr'><strong>agendi</strong></span> <span class='ocrx_word' id='word_1_81' title='bbox 1210 1302 1353 1380; x_wconf 90' lang='lat' dir='ltr'><strong>potestas</strong></span> 
     </span>
     <span class='ocr_line' id='line_1_11' title="bbox 222 1387 1351 1481; baseline -0.003 -18"><span class='ocrx_word' id='word_1_82' title='bbox 222 1399 349 1479; x_wconf 89' lang='lat' dir='ltr'><strong>eadem,</strong></span> <span class='ocrx_word' id='word_1_83' title='bbox 371 1417 434 1462; x_wconf 93' lang='lat' dir='ltr'><strong>uon</strong></span> <span class='ocrx_word' id='word_1_84' title='bbox 456 1397 661 1480; x_wconf 80' lang='lat' dir='ltr'><strong>magistratus</strong></span> <span class='ocrx_word' id='word_1_85' title='bbox 683 1387 802 1479; x_wconf 91' lang='lat' dir='ltr'><strong>aequus</strong></span> <span class='ocrx_word' id='word_1_86' title='bbox 824 1396 953 1480; x_wconf 94' lang='lat' dir='ltr'><strong>reperiri</strong></span> <span class='ocrx_word' id='word_1_87' title='bbox 975 1399 1120 1481; x_wconf 91' lang='lat' dir='ltr'><strong>potuerit,</strong></span> <span class='ocrx_word' id='word_1_88' title='bbox 1142 1416 1211 1461; x_wconf 91' lang='lat' dir='ltr'><strong>eum</strong></span> <span class='ocrx_word' id='word_1_89' title='bbox 1226 1398 1255 1462; x_wconf 92' lang='lat' dir='ltr'><strong>ei</strong></span> <span class='ocrx_word' id='word_1_90' title='bbox 1269 1417 1351 1463; x_wconf 83' lang='lat' dir='ltr'><strong>rum-</strong></span> 
     </span>
     <span class='ocr_line' id='line_1_12' title="bbox 221 1497 1352 1583; baseline 0.002 -21"><span class='ocrx_word' id='word_1_91' title='bbox 221 1519 305 1563; x_wconf 89' lang='lat' dir='ltr'><strong>mam</strong></span> <span class='ocrx_word' id='word_1_92' title='bbox 327 1518 384 1583; x_wconf 89' lang='lat' dir='ltr'><strong>per</strong></span> <span class='ocrx_word' id='word_1_93' title='bbox 404 1498 549 1562; x_wconf 93' lang='lat' dir='ltr'><strong>iniuriam</strong></span> <span class='ocrx_word' id='word_1_94' title='bbox 571 1497 677 1562; x_wconf 89' lang='lat' dir='ltr'><strong>omnia</strong></span> <span class='ocrx_word' id='word_1_95' title='bbox 698 1498 827 1562; x_wconf 86' lang='lat' dir='ltr'><strong>inimica</strong></span> <span class='ocrx_word' id='word_1_96' title='bbox 848 1503 942 1580; x_wconf 90' lang='lat' dir='ltr'><strong>alque</strong></span> <span class='ocrx_word' id='word_1_97' title='bbox 963 1497 1078 1562; x_wconf 88' lang='lat' dir='ltr'><strong>infesta</strong></span> <span class='ocrx_word' id='word_1_98' title='bbox 1099 1497 1230 1563; x_wconf 87' lang='lat' dir='ltr'><strong>fuerint:</strong></span> <span class='ocrx_word' id='word_1_99' title='bbox 1252 1504 1282 1564; x_wconf 90' lang='lat' dir='ltr'><strong>te</strong></span> <span class='ocrx_word' id='word_1_100' title='bbox 1297 1546 1304 1562; x_wconf 92' lang='lat'>.</span> <span class='ocrx_word' id='word_1_101' title='bbox 1322 1546 1352 1564; x_wconf 93' lang='lat'><strong>..</strong></span> 
     </span>
     <span class='ocr_line' id='line_1_13' title="bbox 221 1597 1352 1684; baseline 0 -20"><span class='ocrx_word' id='word_1_102' title='bbox 221 1605 290 1664; x_wconf 90' lang='lat' dir='ltr'><strong>orat</strong></span> <span class='ocrx_word' id='word_1_103' title='bbox 322 1605 416 1682; x_wconf 88' lang='lat' dir='ltr'><strong>atque</strong></span> <span class='ocrx_word' id='word_1_104' title='bbox 443 1598 605 1681; x_wconf 88' lang='lat' dir='ltr'><strong>obsecrat,</strong></span> <span class='ocrx_word' id='word_1_105' title='bbox 643 1603 675 1663; x_wconf 90' lang='lat' dir='ltr'><strong>ut</strong></span> <span class='ocrx_word' id='word_1_106' title='bbox 696 1599 801 1663; x_wconf 90' lang='lat' dir='ltr'><strong>multis</strong></span> <span class='ocrx_word' id='word_1_107' title='bbox 823 1597 943 1663; x_wconf 91' lang='lat' dir='ltr'><strong>iniuriis</strong></span> <span class='ocrx_word' id='word_1_108' title='bbox 964 1599 1113 1663; x_wconf 89' lang='lat' dir='ltr'><strong>iactatum</strong></span> <span class='ocrx_word' id='word_1_109' title='bbox 1135 1605 1229 1684; x_wconf 91' lang='lat' dir='ltr'><strong>atque</strong></span> <span class='ocrx_word' id='word_1_110' title='bbox 1250 1600 1352 1682; x_wconf 88' lang='lat' dir='ltr'><strong>agita-</strong></span> 
     </span>
     <span class='ocr_line' id='line_1_14' title="bbox 222 1698 1353 1783; baseline 0 -19"><span class='ocrx_word' id='word_1_111' title='bbox 222 1705 286 1765; x_wconf 91' lang='lat' dir='ltr'><strong>tam</strong></span> <span class='ocrx_word' id='word_1_112' title='bbox 310 1702 500 1783; x_wconf 87' lang='lat' dir='ltr'><strong>aequitatem</strong></span> <span class='ocrx_word' id='word_1_113' title='bbox 534 1699 566 1764; x_wconf 91' lang='lat' dir='ltr'><strong>in</strong></span> <span class='ocrx_word' id='word_1_114' title='bbox 600 1698 660 1764; x_wconf 89' lang='lat' dir='ltr'><strong>hoe</strong></span> <span class='ocrx_word' id='word_1_115' title='bbox 690 1699 817 1765; x_wconf 90' lang='lat' dir='ltr'><strong>tandem</strong></span> <span class='ocrx_word' id='word_1_116' title='bbox 839 1699 908 1764; x_wconf 93' lang='lat' dir='ltr'><strong>loco</strong></span> <span class='ocrx_word' id='word_1_117' title='bbox 931 1699 1102 1764; x_wconf 78' lang='lat' dir='ltr'><strong>consistere</strong></span> <span class='ocrx_word' id='word_1_118' title='bbox 1123 1705 1154 1764; x_wconf 92' lang='lat' dir='ltr'><strong>et</strong></span> <span class='ocrx_word' id='word_1_119' title='bbox 1177 1700 1353 1765; x_wconf 87' lang='lat' dir='ltr'><strong>confirmari</strong></span> 
     </span>
     <span class='ocr_line' id='line_1_15' title="bbox 219 1800 1352 1882; baseline 0 -17"><span class='ocrx_word' id='word_1_120' title='bbox 219 1800 405 1881; x_wconf 85' lang='lat' dir='ltr'><strong>patiamini‘</strong></span> <span class='ocrx_word' id='word_1_121' title='bbox 448 1801 497 1865; x_wconf 88' lang='lat' dir='ltr'><strong>Ab</strong></span> <span class='ocrx_word' id='word_1_122' title='bbox 529 1801 589 1867; x_wconf 90' lang='lat' dir='ltr'><strong>bae</strong></span> <span class='ocrx_word' id='word_1_123' title='bbox 614 1801 784 1881; x_wconf 88' lang='lat' dir='ltr'><strong>insolentia</strong></span> <span class='ocrx_word' id='word_1_124' title='bbox 817 1800 916 1866; x_wconf 88' lang='lat' dir='ltr'><strong>oratio</strong></span> <span class='ocrx_word' id='word_1_125' title='bbox 945 1806 1057 1882; x_wconf 90' lang='lat' dir='ltr'><strong>postea</strong></span> <span class='ocrx_word' id='word_1_126' title='bbox 1085 1807 1235 1865; x_wconf 90' lang='lat' dir='ltr'><strong>revocata</strong></span> <span class='ocrx_word' id='word_1_127' title='bbox 1257 1807 1288 1865; x_wconf 94' lang='lat' dir='ltr'><strong>et</strong></span> <span class='ocrx_word' id='word_1_128' title='bbox 1311 1802 1352 1866; x_wconf 94' lang='lat' dir='ltr'><strong>ad</strong></span> 
     </span>
     <span class='ocr_line' id='line_1_16' title="bbox 223 1901 978 1985; baseline -0.001 -20"><span class='ocrx_word' id='word_1_129' title='bbox 223 1901 469 1966; x_wconf 86' lang='lat' dir='ltr'><strong>moderationem</strong></span> <span class='ocrx_word' id='word_1_130' title='bbox 498 1903 657 1985; x_wconf 88' lang='lat' dir='ltr'><strong>quandam</strong></span> <span class='ocrx_word' id='word_1_131' title='bbox 684 1902 829 1967; x_wconf 87' lang='lat' dir='ltr'><strong>traducta</strong></span> <span class='ocrx_word' id='word_1_132' title='bbox 849 1906 907 1968; x_wconf 89' lang='lat' dir='ltr'><strong>est.</strong></span> <span class='ocrx_word' id='word_1_133' title='bbox 974 1940 978 1947; x_wconf 94' lang='lat'>-</span> 
     </span>
    </p>

    <p class='ocr_par' dir='ltr' id='par_1_3' title="bbox 216 2001 1406 3896">
     <span class='ocr_line' id='line_1_17' title="bbox 302 2001 1352 2086; baseline -0.003 -19"><span class='ocrx_word' id='word_1_134' title='bbox 302 2002 525 2068; x_wconf 87' lang='lat' dir='ltr'><strong>Verumtamen</strong></span> <span class='ocrx_word' id='word_1_135' title='bbox 547 2002 633 2067; x_wconf 94' lang='lat' dir='ltr'><strong>utin</strong></span> <span class='ocrx_word' id='word_1_136' title='bbox 655 2001 716 2067; x_wconf 89' lang='lat' dir='ltr'><strong>bac</strong></span> <span class='ocrx_word' id='word_1_137' title='bbox 746 2009 835 2086; x_wconf 87' lang='lat' dir='ltr'><strong>parte</strong></span> <span class='ocrx_word' id='word_1_138' title='bbox 867 2001 1123 2084; x_wconf 91' lang='lat' dir='ltr'><strong>antiquorum</strong></span> <span class='ocrx_word' id='word_1_139' title='bbox 1156 2001 1352 2084; x_wconf 91' lang='lat' dir='ltr'><strong>potissimum</strong></span> 
     </span>
     <span class='ocr_line' id='line_1_18' title="bbox 220 2101 1351 2187; baseline -0.001 -20"><span class='ocrx_word' id='word_1_140' title='bbox 220 2103 463 2187; x_wconf 90' lang='lat' dir='ltr'><strong>scriptorum</strong></span> <span class='ocrx_word' id='word_1_141' title='bbox 485 2101 622 2186; x_wconf 90' lang='lat' dir='ltr'><strong>vestigia</strong></span> <span class='ocrx_word' id='word_1_142' title='bbox 639 2102 761 2185; x_wconf 85' lang='lat' dir='ltr'><strong>premit,</strong></span> <span class='ocrx_word' id='word_1_143' title='bbox 784 2103 831 2167; x_wconf 92' lang='lat' dir='ltr'><strong>sic</strong></span> <span class='ocrx_word' id='word_1_144' title='bbox 852 2108 883 2180; x_wconf 88' lang='lat' dir='ltr'><strong>ct</strong></span> <span class='ocrx_word' id='word_1_145' title='bbox 904 2103 936 2166; x_wconf 90' lang='lat' dir='ltr'><strong>in</strong></span> <span class='ocrx_word' id='word_1_146' title='bbox 957 2102 1112 2186; x_wconf 78' lang='lat' dir='ltr'><strong>eligendis</strong></span> <span class='ocrx_word' id='word_1_147' title='bbox 1134 2101 1267 2184; x_wconf 85' lang='lat' dir='ltr'><strong>singulis</strong></span> <span class='ocrx_word' id='word_1_148' title='bbox 1284 2121 1351 2166; x_wconf 90' lang='lat' dir='ltr'><strong>ver-</strong></span> 
     </span>
     <span class='ocr_line' id='line_1_19' title="bbox 219 2203 1350 2287; baseline -0.002 -19"><span class='ocrx_word' id='word_1_149' title='bbox 219 2203 269 2268; x_wconf 92' lang='lat' dir='ltr'><strong>bis</strong></span> <span class='ocrx_word' id='word_1_150' title='bbox 306 2203 361 2287; x_wconf 85' lang='lat' dir='ltr'><strong>(cf.</strong></span> <span class='ocrx_word' id='word_1_151' title='bbox 384 2204 508 2268; x_wconf 89' lang='lat' dir='ltr'><strong>inorata</strong></span> <span class='ocrx_word' id='word_1_152' title='bbox 528 2223 579 2284; x_wconf 95' lang='lat' dir='ltr'><strong>re,</strong></span> <span class='ocrx_word' id='word_1_153' title='bbox 603 2204 703 2287; x_wconf 93' lang='lat' dir='ltr'><strong>primo</strong></span> <span class='ocrx_word' id='word_1_154' title='bbox 726 2203 882 2268; x_wconf 70' lang='lat' dir='ltr'><strong>diluculo&gt;</strong></span> <span class='ocrx_word' id='word_1_155' title='bbox 903 2203 1065 2286; x_wconf 88' lang='lat' dir='ltr'><strong>ingratiis,</strong></span> <span class='ocrx_word' id='word_1_156' title='bbox 1088 2204 1255 2286; x_wconf 90' lang='lat' dir='ltr'><strong>repentino</strong></span> <span class='ocrx_word' id='word_1_157' title='bbox 1278 2206 1350 2284; x_wconf 87' lang='lat' dir='ltr'><strong>etc.)</strong></span> 
     </span>
     <span class='ocr_line' id='line_1_20' title="bbox 219 2296 1352 2388; baseline -0.003 -18"><span class='ocrx_word' id='word_1_158' title='bbox 219 2304 304 2370; x_wconf 94' lang='lat' dir='ltr'><strong>etin</strong></span> <span class='ocrx_word' id='word_1_159' title='bbox 326 2296 453 2387; x_wconf 83' lang='lat' dir='ltr'><strong>syntaxi</strong></span> <span class='ocrx_word' id='word_1_160' title='bbox 475 2305 604 2388; x_wconf 89' lang='lat' dir='ltr'><strong>saepius</strong></span> <span class='ocrx_word' id='word_1_161' title='bbox 625 2304 748 2368; x_wconf 93' lang='lat' dir='ltr'><strong>illorum</strong></span> <span class='ocrx_word' id='word_1_162' title='bbox 771 2303 897 2368; x_wconf 88' lang='lat' dir='ltr'><strong>dicendi</strong></span> <span class='ocrx_word' id='word_1_163' title='bbox 909 2323 1010 2386; x_wconf 91' lang='lat' dir='ltr'><strong>genus</strong></span> <span class='ocrx_word' id='word_1_164' title='bbox 1028 2304 1089 2368; x_wconf 92' lang='lat' dir='ltr'><strong>sibi</strong></span> <span class='ocrx_word' id='word_1_165' title='bbox 1106 2304 1245 2369; x_wconf 84' lang='lat' dir='ltr'><strong>assumit.</strong></span> <span class='ocrx_word' id='word_1_166' title='bbox 1274 2302 1352 2368; x_wconf 84' lang='lat' dir='ltr'><strong>(lum</strong></span> 
     </span>
     <span class='ocr_line' id='line_1_21' title="bbox 218 2404 1351 2488; baseline -0.002 -18"><span class='ocrx_word' id='word_1_167' title='bbox 218 2411 324 2470; x_wconf 91' lang='lat' dir='ltr'><strong>autem</strong></span> <span class='ocrx_word' id='word_1_168' title='bbox 352 2409 467 2488; x_wconf 77' lang='lat' dir='ltr'><strong>politae</strong></span> <span class='ocrx_word' id='word_1_169' title='bbox 496 2406 625 2488; x_wconf 86' lang='lat' dir='ltr'><strong>comici,</strong></span> <span class='ocrx_word' id='word_1_170' title='bbox 657 2424 674 2470; x_wconf 91' lang='lat' dir='ltr'><strong>e</strong></span> <span class='ocrx_word' id='word_1_171' title='bbox 707 2424 837 2487; x_wconf 90' lang='lat' dir='ltr'><strong>quorum</strong></span> <span class='ocrx_word' id='word_1_172' title='bbox 866 2404 980 2469; x_wconf 87' lang='lat' dir='ltr'><strong>fabulis</strong></span> <span class='ocrx_word' id='word_1_173' title='bbox 1002 2423 1059 2468; x_wconf 90' lang='lat' dir='ltr'><strong>nos</strong></span> <span class='ocrx_word' id='word_1_174' title='bbox 1082 2404 1208 2487; x_wconf 90' lang='lat' dir='ltr'><strong>quidem</strong></span> <span class='ocrx_word' id='word_1_175' title='bbox 1227 2405 1351 2488; x_wconf 91' lang='lat' dir='ltr'><strong>priscae</strong></span> 
     </span>
     <span class='ocr_line' id='line_1_22' title="bbox 218 2493 1351 2589; baseline 0 -19"><span class='ocrx_word' id='word_1_176' title='bbox 218 2505 370 2571; x_wconf 89' lang='lat' dir='ltr'><strong>orationis</strong></span> <span class='ocrx_word' id='word_1_177' title='bbox 391 2504 533 2570; x_wconf 90' lang='lat' dir='ltr'><strong>habitum</strong></span> <span class='ocrx_word' id='word_1_178' title='bbox 556 2506 672 2589; x_wconf 90' lang='lat' dir='ltr'><strong>optime</strong></span> <span class='ocrx_word' id='word_1_179' title='bbox 694 2505 875 2589; x_wconf 88' lang='lat' dir='ltr'><strong>perspicere</strong></span> <span class='ocrx_word' id='word_1_180' title='bbox 897 2524 1063 2588; x_wconf 91' lang='lat' dir='ltr'><strong>possumus</strong></span> <span class='ocrx_word' id='word_1_181' title='bbox 1070 2493 1278 2586; x_wconf 77' lang='lat' dir='ltr'><strong>,sermonem</strong></span> <span class='ocrx_word' id='word_1_182' title='bbox 1300 2524 1351 2570; x_wconf 92' lang='lat' dir='ltr'><strong>co-</strong></span> 
     </span>
     <span class='ocr_line' id='line_1_23' title="bbox 218 2605 1351 2690; baseline 0.001 -20"><span class='ocrx_word' id='word_1_183' title='bbox 218 2606 372 2671; x_wconf 89' lang='lat' dir='ltr'><strong>tidianum</strong></span> <span class='ocrx_word' id='word_1_184' title='bbox 393 2624 471 2670; x_wconf 90' lang='lat' dir='ltr'><strong>suae</strong></span> <span class='ocrx_word' id='word_1_185' title='bbox 495 2607 609 2670; x_wconf 88' lang='lat' dir='ltr'><strong>aetatis</strong></span> <span class='ocrx_word' id='word_1_186' title='bbox 630 2605 784 2686; x_wconf 85' lang='lat' dir='ltr'><strong>referant,</strong></span> <span class='ocrx_word' id='word_1_187' title='bbox 807 2605 935 2690; x_wconf 84' lang='lat' dir='ltr'><strong>(liecro,</strong></span> <span class='ocrx_word' id='word_1_188' title='bbox 957 2607 1074 2689; x_wconf 90' lang='lat' dir='ltr'><strong>quippe</strong></span> <span class='ocrx_word' id='word_1_189' title='bbox 1096 2606 1149 2688; x_wconf 96' lang='lat' dir='ltr'><strong>qui</strong></span> <span class='ocrx_word' id='word_1_190' title='bbox 1173 2606 1258 2670; x_wconf 88' lang='lat' dir='ltr'><strong>haud</strong></span> <span class='ocrx_word' id='word_1_191' title='bbox 1280 2626 1351 2671; x_wconf 92' lang='lat' dir='ltr'><strong>raro</strong></span> 
     </span>
     <span class='ocr_line' id='line_1_24' title="bbox 219 2705 1351 2790; baseline -0.001 -19"><span class='ocrx_word' id='word_1_192' title='bbox 219 2725 258 2771; x_wconf 87' lang='lat' dir='ltr'><strong>ex</strong></span> <span class='ocrx_word' id='word_1_193' title='bbox 281 2707 320 2770; x_wconf 92' lang='lat' dir='ltr'><strong>iis</strong></span> <span class='ocrx_word' id='word_1_194' title='bbox 342 2707 498 2790; x_wconf 89' lang='lat' dir='ltr'><strong>quaedam</strong></span> <span class='ocrx_word' id='word_1_195' title='bbox 520 2706 680 2787; x_wconf 87' lang='lat' dir='ltr'><strong>libaverit,</strong></span> <span class='ocrx_word' id='word_1_196' title='bbox 713 2726 776 2771; x_wconf 90' lang='lat' dir='ltr'><strong>uon</strong></span> <span class='ocrx_word' id='word_1_197' title='bbox 804 2713 928 2772; x_wconf 93' lang='lat' dir='ltr'><strong>veretur</strong></span> <span class='ocrx_word' id='word_1_198' title='bbox 950 2707 1044 2771; x_wconf 89' lang='lat' dir='ltr'><strong>etiam</strong></span> <span class='ocrx_word' id='word_1_199' title='bbox 1067 2706 1181 2772; x_wconf 92' lang='lat' dir='ltr'><strong>multos</strong></span> <span class='ocrx_word' id='word_1_200' title='bbox 1202 2705 1351 2772; x_wconf 90' lang='lat' dir='ltr'><strong>flosculos</strong></span> 
     </span>
     <span class='ocr_line' id='line_1_25' title="bbox 219 2806 1350 2891; baseline 0.001 -19"><span class='ocrx_word' id='word_1_201' title='bbox 219 2825 349 2891; x_wconf 92' lang='lat' dir='ltr'><strong>carpere</strong></span> <span class='ocrx_word' id='word_1_202' title='bbox 382 2825 399 2872; x_wconf 93' lang='lat' dir='ltr'><strong>e</strong></span> <span class='ocrx_word' id='word_1_203' title='bbox 436 2806 641 2873; x_wconf 93' lang='lat' dir='ltr'><strong>cotidiano</strong></span> <span class='ocrx_word' id='word_1_204' title='bbox 670 2807 830 2872; x_wconf 91' lang='lat' dir='ltr'><strong>dicendi</strong></span> <span class='ocrx_word' id='word_1_205' title='bbox 860 2825 1024 2891; x_wconf 87' lang='lat' dir='ltr'><strong>genere,</strong></span> <span class='ocrx_word' id='word_1_206' title='bbox 1055 2808 1137 2888; x_wconf 93' lang='lat' dir='ltr'><strong>quod</strong></span> <span class='ocrx_word' id='word_1_207' title='bbox 1159 2808 1258 2890; x_wconf 89' lang='lat' dir='ltr'><strong>ipsius</strong></span> <span class='ocrx_word' id='word_1_208' title='bbox 1281 2827 1350 2873; x_wconf 89' lang='lat' dir='ltr'><strong>sae·</strong></span> 
     </span>
     <span class='ocr_line' id='line_1_26' title="bbox 218 2907 1350 2991; baseline -0.001 -19"><span class='ocrx_word' id='word_1_209' title='bbox 218 2908 288 2972; x_wconf 95' lang='lat' dir='ltr'><strong>culo</strong></span> <span class='ocrx_word' id='word_1_210' title='bbox 321 2907 460 2991; x_wconf 89' lang='lat' dir='ltr'><strong>vigebat.</strong></span> <span class='ocrx_word' id='word_1_211' title='bbox 503 2907 615 2991; x_wconf 88' lang='lat' dir='ltr'><strong>Itaque</strong></span> <span class='ocrx_word' id='word_1_212' title='bbox 645 2908 734 2973; x_wconf 90' lang='lat' dir='ltr'><strong>initio</strong></span> <span class='ocrx_word' id='word_1_213' title='bbox 764 2909 908 2988; x_wconf 78' lang='lat' dir='ltr'><strong>nondum·</strong></span> <span class='ocrx_word' id='word_1_214' title='bbox 930 2913 995 2971; x_wconf 93' lang='lat' dir='ltr'><strong>tam</strong></span> <span class='ocrx_word' id='word_1_215' title='bbox 1018 2909 1114 2973; x_wconf 86' lang='lat' dir='ltr'><strong>anxie</strong></span> <span class='ocrx_word' id='word_1_216' title='bbox 1134 2907 1285 2989; x_wconf 90' lang='lat' dir='ltr'><strong>distingui</strong></span> <span class='ocrx_word' id='word_1_217' title='bbox 1306 2909 1350 2971; x_wconf 94' lang='lat' dir='ltr'><strong>vi·</strong></span> 
     </span>
     <span class='ocr_line' id='line_1_27' title="bbox 218 3007 1350 3091; baseline 0.001 -20"><span class='ocrx_word' id='word_1_218' title='bbox 218 3007 329 3072; x_wconf 90' lang='lat' dir='ltr'><strong>demus</strong></span> <span class='ocrx_word' id='word_1_219' title='bbox 358 3008 439 3073; x_wconf 91' lang='lat' dir='ltr'><strong>inter</strong></span> <span class='ocrx_word' id='word_1_220' title='bbox 468 3008 658 3073; x_wconf 88' lang='lat' dir='ltr'><strong>cotidianum</strong></span> <span class='ocrx_word' id='word_1_221' title='bbox 691 3028 866 3073; x_wconf 92' lang='lat' dir='ltr'><strong>sermonem</strong></span> <span class='ocrx_word' id='word_1_222' title='bbox 889 3015 920 3073; x_wconf 89' lang='lat' dir='ltr'><strong>et</strong></span> <span class='ocrx_word' id='word_1_223' title='bbox 942 3009 1114 3073; x_wconf 89' lang='lat' dir='ltr'><strong>oraticnem</strong></span> <span class='ocrx_word' id='word_1_224' title='bbox 1136 3008 1266 3091; x_wconf 91' lang='lat' dir='ltr'><strong>politam</strong></span> <span class='ocrx_word' id='word_1_225' title='bbox 1288 3009 1350 3072; x_wconf 90' lang='lat' dir='ltr'><strong>ele-</strong></span> 
     </span>
     <span class='ocr_line' id='line_1_28' title="bbox 220 3109 1351 3192; baseline 0.004 -19"><span class='ocrx_word' id='word_1_226' title='bbox 220 3115 422 3192; x_wconf 89' lang='lat' dir='ltr'><strong>gantemque,</strong></span> <span class='ocrx_word' id='word_1_227' title='bbox 444 3128 538 3192; x_wconf 88' lang='lat' dir='ltr'><strong>quam</strong></span> <span class='ocrx_word' id='word_1_228' title='bbox 552 3109 585 3172; x_wconf 92' lang='lat' dir='ltr'><strong>in</strong></span> <span class='ocrx_word' id='word_1_229' title='bbox 599 3109 824 3192; x_wconf 89' lang='lat' dir='ltr'><strong>posterioribus</strong></span> <span class='ocrx_word' id='word_1_230' title='bbox 838 3109 1031 3175; x_wconf 91' lang='lat' dir='ltr'><strong>orationibus</strong></span> <span class='ocrx_word' id='word_1_231' title='bbox 1046 3110 1161 3174; x_wconf 89' lang='lat' dir='ltr'><strong>factum</strong></span> <span class='ocrx_word' id='word_1_232' title='bbox 1179 3116 1236 3176; x_wconf 85' lang='lat' dir='ltr'><strong>est.</strong></span> <span class='ocrx_word' id='word_1_233' title='bbox 1280 3110 1351 3187; x_wconf 75' lang='lat' dir='ltr'><strong>Qua</strong></span> 
     </span>
     <span class='ocr_line' id='line_1_29' title="bbox 218 3208 1406 3293; baseline -0.003 -20"><span class='ocrx_word' id='word_1_234' title='bbox 218 3209 250 3273; x_wconf 93' lang='lat' dir='ltr'><strong>in</strong></span> <span class='ocrx_word' id='word_1_235' title='bbox 267 3228 301 3273; x_wconf 89' lang='lat' dir='ltr'><strong>re</strong></span> <span class='ocrx_word' id='word_1_236' title='bbox 315 3208 426 3275; x_wconf 81' lang='lat' dir='ltr'><strong>Cicero</strong></span> <span class='ocrx_word' id='word_1_237' title='bbox 440 3210 472 3273; x_wconf 93' lang='lat' dir='ltr'><strong>in</strong></span> <span class='ocrx_word' id='word_1_238' title='bbox 495 3210 640 3275; x_wconf 90' lang='lat' dir='ltr'><strong>omnibus</strong></span> <span class='ocrx_word' id='word_1_239' title='bbox 663 3210 789 3293; x_wconf 90' lang='lat' dir='ltr'><strong>quidem</strong></span> <span class='ocrx_word' id='word_1_240' title='bbox 811 3211 899 3275; x_wconf 91' lang='lat' dir='ltr'><strong>libris</strong></span> <span class='ocrx_word' id='word_1_241' title='bbox 921 3213 986 3275; x_wconf 83' lang='lat' dir='ltr'><strong>ruis</strong></span> <span class='ocrx_word' id='word_1_242' title='bbox 1009 3212 1111 3276; x_wconf 91' lang='lat' dir='ltr'><strong>miuus</strong></span> <span class='ocrx_word' id='word_1_243' title='bbox 1135 3217 1243 3275; x_wconf 89' lang='lat' dir='ltr'><strong>cautus</strong></span> <span class='ocrx_word' id='word_1_244' title='bbox 1266 3218 1350 3292; x_wconf 81' lang='lat' dir='ltr'><strong>crat3</strong></span> <span class='ocrx_word' id='word_1_245' title='bbox 1403 3264 1406 3270; x_wconf 92' lang='lat'>.</span> 
     </span>
     <span class='ocr_line' id='line_1_30' title="bbox 217 3311 1350 3394; baseline 0.003 -21"><span class='ocrx_word' id='word_1_246' title='bbox 217 3328 354 3392; x_wconf 89' lang='lat' dir='ltr'><strong>namque</strong></span> <span class='ocrx_word' id='word_1_247' title='bbox 376 3311 519 3393; x_wconf 84' lang='lat' dir='ltr'><strong>exceptis</strong></span> <span class='ocrx_word' id='word_1_248' title='bbox 542 3311 700 3393; x_wconf 88' lang='lat' dir='ltr'><strong>epistulis,</strong></span> <span class='ocrx_word' id='word_1_249' title='bbox 736 3330 817 3394; x_wconf 86' lang='lat' dir='ltr'><strong>quae</strong></span> <span class='ocrx_word' id='word_1_250' title='bbox 850 3311 1037 3377; x_wconf 89' lang='lat' dir='ltr'><strong>familiarem</strong></span> <span class='ocrx_word' id='word_1_251' title='bbox 1060 3331 1236 3376; x_wconf 78' lang='lat' dir='ltr'><strong>sermonem</strong></span> <span class='ocrx_word' id='word_1_252' title='bbox 1259 3312 1350 3394; x_wconf 89' lang='lat' dir='ltr'><strong>quasi</strong></span> 
     </span>
     <span class='ocr_line' id='line_1_31' title="bbox 216 3408 1349 3497; baseline 0.004 -24"><span class='ocrx_word' id='word_1_253' title='bbox 216 3408 379 3492; x_wconf 88' lang='lat' dir='ltr'><strong>flagitant,</strong></span> <span class='ocrx_word' id='word_1_254' title='bbox 422 3411 454 3474; x_wconf 93' lang='lat' dir='ltr'><strong>iu</strong></span> <span class='ocrx_word' id='word_1_255' title='bbox 491 3410 637 3494; x_wconf 88' lang='lat' dir='ltr'><strong>dialogos</strong></span> <span class='ocrx_word' id='word_1_256' title='bbox 670 3410 819 3476; x_wconf 94' lang='lat' dir='ltr'><strong>librorum</strong></span> <span class='ocrx_word' id='word_1_257' title='bbox 858 3412 898 3476; x_wconf 92' lang='lat' dir='ltr'><strong>de</strong></span> <span class='ocrx_word' id='word_1_258' title='bbox 930 3412 1131 3497; x_wconf 86' lang='lat' dir='ltr'><strong>philosophia</strong></span> <span class='ocrx_word' id='word_1_259' title='bbox 1162 3413 1349 3496; x_wconf 92' lang='lat' dir='ltr'><strong>scriptorum</strong></span> 
     </span>
     <span class='ocr_line' id='line_1_32' title="bbox 217 3510 1350 3596; baseline 0.003 -22"><span class='ocrx_word' id='word_1_260' title='bbox 217 3511 316 3575; x_wconf 88' lang='lat' dir='ltr'><strong>multa</strong></span> <span class='ocrx_word' id='word_1_261' title='bbox 349 3510 484 3576; x_wconf 88' lang='lat' dir='ltr'><strong>frustula</strong></span> <span class='ocrx_word' id='word_1_262' title='bbox 520 3511 670 3577; x_wconf 91' lang='lat' dir='ltr'><strong>cotidiani</strong></span> <span class='ocrx_word' id='word_1_263' title='bbox 706 3512 832 3595; x_wconf 91' lang='lat' dir='ltr'><strong>generis</strong></span> <span class='ocrx_word' id='word_1_264' title='bbox 864 3513 1012 3596; x_wconf 88' lang='lat' dir='ltr'><strong>loquendi</strong></span> <span class='ocrx_word' id='word_1_265' title='bbox 1042 3514 1227 3580; x_wconf 85' lang='lat' dir='ltr'><strong>redundant.</strong></span> <span class='ocrx_word' id='word_1_266' title='bbox 1285 3513 1350 3579; x_wconf 86' lang='lat' dir='ltr'><strong>Sed</strong></span> 
     </span>
     <span class='ocr_line' id='line_1_33' title="bbox 219 3612 1351 3705; baseline 0.004 -30"><span class='ocrx_word' id='word_1_267' title='bbox 219 3617 307 3676; x_wconf 89' lang='lat' dir='ltr'><strong>certa</strong></span> <span class='ocrx_word' id='word_1_268' title='bbox 342 3612 498 3678; x_wconf 87' lang='lat' dir='ltr'><strong>vocabula</strong></span> <span class='ocrx_word' id='word_1_269' title='bbox 526 3613 577 3678; x_wconf 90' lang='lat' dir='ltr'><strong>vel</strong></span> <span class='ocrx_word' id='word_1_270' title='bbox 598 3612 769 3705; x_wconf 84' lang='lat' dir='ltr'><strong>locutiones</strong></span> <span class='ocrx_word' id='word_1_271' title='bbox 792 3620 903 3696; x_wconf 88' lang='lat' dir='ltr'><strong>postea</strong></span> <span class='ocrx_word' id='word_1_272' title='bbox 923 3634 992 3679; x_wconf 93' lang='lat' dir='ltr'><strong>cum</strong></span> <span class='ocrx_word' id='word_1_273' title='bbox 1015 3615 1118 3680; x_wconf 89' lang='lat' dir='ltr'><strong>studio</strong></span> <span class='ocrx_word' id='word_1_274' title='bbox 1140 3615 1276 3699; x_wconf 89' lang='lat' dir='ltr'><strong>quodam</strong></span> <span class='ocrx_word' id='word_1_275' title='bbox 1297 3616 1351 3679; x_wconf 92' lang='lat' dir='ltr'><strong>de-</strong></span> 
     </span>
     <span class='ocr_line' id='line_1_34' title="bbox 216 3712 1350 3798; baseline 0.004 -22"><span class='ocrx_word' id='word_1_276' title='bbox 216 3712 372 3794; x_wconf 88' lang='lat' dir='ltr'><strong>vitantur,</strong></span> <span class='ocrx_word' id='word_1_277' title='bbox 406 3713 521 3795; x_wconf 92' lang='lat' dir='ltr'><strong>quoin</strong></span> <span class='ocrx_word' id='word_1_278' title='bbox 544 3727 674 3779; x_wconf 88' lang='lat' dir='ltr'><strong>numero</strong></span> <span class='ocrx_word' id='word_1_279' title='bbox 696 3712 867 3779; x_wconf 91' lang='lat' dir='ltr'><strong>habentur:</strong></span> <span class='ocrx_word' id='word_1_280' title='bbox 901 3715 999 3798; x_wconf 92' lang='lat' dir='ltr'><strong>,cordi</strong></span> <span class='ocrx_word' id='word_1_281' title='bbox 1023 3723 1084 3798; x_wconf 89' lang='lat' dir='ltr'><strong>est,</strong></span> <span class='ocrx_word' id='word_1_282' title='bbox 1107 3715 1183 3779; x_wconf 92' lang='lat' dir='ltr'><strong>mihi</strong></span> <span class='ocrx_word' id='word_1_283' title='bbox 1206 3716 1350 3781; x_wconf 91' lang='lat' dir='ltr'><strong>ausculta</strong></span> 
     </span>
     <span class='ocr_line' id='line_1_35' title="bbox 217 3794 1387 3896; baseline 0.005 -20"><span class='ocrx_word' id='word_1_284' title='bbox 217 3812 298 3878; x_wconf 90' lang='lat' dir='ltr'><strong>bene</strong></span> <span class='ocrx_word' id='word_1_285' title='bbox 319 3812 443 3896; x_wconf 91' lang='lat' dir='ltr'><strong>penitus</strong></span> <span class='ocrx_word' id='word_1_286' title='bbox 465 3818 536 3879; x_wconf 89' lang='lat' dir='ltr'><strong>etc‘</strong></span> <span class='ocrx_word' id='word_1_287' title='bbox 1379 3794 1387 3809; x_wconf 53' lang='lat'><em>⁶</em></span> 
     </span>
    </p>
   </div>
   <div class='ocr_carea' id='block_1_3' title="bbox 216 3913 1348 4502">
    <p class='ocr_par' dir='ltr' id='par_1_4' title="bbox 216 3913 1348 4502">
     <span class='ocr_line' id='line_1_36' title="bbox 300 3913 1347 3999; baseline 0.004 -23"><span class='ocrx_word' id='word_1_288' title='bbox 300 3913 444 3996; x_wconf 91' lang='lat' dir='ltr'><strong>Denique</strong></span> <span class='ocrx_word' id='word_1_289' title='bbox 465 3914 562 3979; x_wconf 91' lang='lat' dir='ltr'><strong>multa</strong></span> <span class='ocrx_word' id='word_1_290' title='bbox 584 3915 740 3979; x_wconf 90' lang='lat' dir='ltr'><strong>vocabula</strong></span> <span class='ocrx_word' id='word_1_291' title='bbox 762 3922 794 3979; x_wconf 98' lang='lat' dir='ltr'><strong>et</strong></span> <span class='ocrx_word' id='word_1_292' title='bbox 815 3916 936 3980; x_wconf 88' lang='lat' dir='ltr'><strong>formae</strong></span> <span class='ocrx_word' id='word_1_293' title='bbox 959 3916 1168 3999; x_wconf 92' lang='lat' dir='ltr'><strong>reperiuntur,</strong></span> <span class='ocrx_word' id='word_1_294' title='bbox 1197 3934 1276 3999; x_wconf 90' lang='lat' dir='ltr'><strong>quas</strong></span> <span class='ocrx_word' id='word_1_295' title='bbox 1298 3915 1347 3980; x_wconf 81' lang='lat' dir='ltr'><strong>ci-</strong></span> 
     </span>
     <span class='ocr_line' id='line_1_37' title="bbox 216 4014 1348 4107; baseline 0.003 -29"><span class='ocrx_word' id='word_1_296' title='bbox 216 4032 288 4078; x_wconf 92' lang='lat' dir='ltr'><strong>cero</strong></span> <span class='ocrx_word' id='word_1_297' title='bbox 311 4014 437 4096; x_wconf 94' lang='lat' dir='ltr'><strong>primo</strong></span> <span class='ocrx_word' id='word_1_298' title='bbox 460 4015 585 4107; x_wconf 90' lang='lat' dir='ltr'><strong>quidem</strong></span> <span class='ocrx_word' id='word_1_299' title='bbox 607 4014 791 4080; x_wconf 85' lang='lat' dir='ltr'><strong>studiose</strong></span> <span class='ocrx_word' id='word_1_300' title='bbox 820 4021 886 4080; x_wconf 92' lang='lat' dir='ltr'><strong>aut</strong></span> <span class='ocrx_word' id='word_1_301' title='bbox 914 4021 1020 4080; x_wconf 90' lang='lat' dir='ltr'><strong>certe</strong></span> <span class='ocrx_word' id='word_1_302' title='bbox 1047 4018 1130 4080; x_wconf 92' lang='lat' dir='ltr'><strong>sine</strong></span> <span class='ocrx_word' id='word_1_303' title='bbox 1159 4015 1241 4080; x_wconf 91' lang='lat' dir='ltr'><strong>ulla</strong></span> <span class='ocrx_word' id='word_1_304' title='bbox 1262 4016 1348 4082; x_wconf 88' lang='lat' dir='ltr'><strong>hae-</strong></span> 
     </span>
     <span class='ocr_line' id='line_1_38' title="bbox 216 4114 1348 4199; baseline 0.003 -22"><span class='ocrx_word' id='word_1_305' title='bbox 216 4114 418 4179; x_wconf 89' lang='lat' dir='ltr'><strong>sitatione</strong></span> <span class='ocrx_word' id='word_1_306' title='bbox 441 4115 588 4197; x_wconf 78' lang='lat' dir='ltr'><strong>protulit3</strong></span> <span class='ocrx_word' id='word_1_307' title='bbox 621 4115 678 4179; x_wconf 93' lang='lat' dir='ltr'><strong>sed</strong></span> <span class='ocrx_word' id='word_1_308' title='bbox 701 4135 770 4180; x_wconf 94' lang='lat' dir='ltr'><strong>cum</strong></span> <span class='ocrx_word' id='word_1_309' title='bbox 792 4116 983 4198; x_wconf 89' lang='lat' dir='ltr'><strong>aliquantum</strong></span> <span class='ocrx_word' id='word_1_310' title='bbox 1006 4117 1155 4199; x_wconf 91' lang='lat' dir='ltr'><strong>temporis</strong></span> <span class='ocrx_word' id='word_1_311' title='bbox 1176 4116 1348 4181; x_wconf 91' lang='lat' dir='ltr'><strong>litterarum</strong></span> 
     </span>
     <span class='ocr_line' id='line_1_39' title="bbox 217 4214 1348 4300; baseline 0.003 -21"><span class='ocrx_word' id='word_1_312' title='bbox 217 4214 329 4279; x_wconf 92' lang='lat' dir='ltr'><strong>studiis</strong></span> <span class='ocrx_word' id='word_1_313' title='bbox 352 4233 387 4278; x_wconf 90' lang='lat' dir='ltr'><strong>se</strong></span> <span class='ocrx_word' id='word_1_314' title='bbox 410 4215 600 4291; x_wconf 90' lang='lat' dir='ltr'><strong>dedidisset,</strong></span> <span class='ocrx_word' id='word_1_315' title='bbox 621 4216 838 4281; x_wconf 89' lang='lat' dir='ltr'><strong>concinnicrcs</strong></span> <span class='ocrx_word' id='word_1_316' title='bbox 860 4224 914 4281; x_wconf 89' lang='lat' dir='ltr'><strong>aut</strong></span> <span class='ocrx_word' id='word_1_317' title='bbox 936 4217 977 4282; x_wconf 90' lang='lat' dir='ltr'><strong>ad</strong></span> <span class='ocrx_word' id='word_1_318' title='bbox 999 4223 1175 4300; x_wconf 90' lang='lat' dir='ltr'><strong>temporum</strong></span> <span class='ocrx_word' id='word_1_319' title='bbox 1196 4219 1348 4283; x_wconf 89' lang='lat' dir='ltr'><strong>rationem</strong></span> 
     </span>
     <span class='ocr_line' id='line_1_40' title="bbox 217 4315 1348 4401; baseline 0.003 -21"><span class='ocrx_word' id='word_1_320' title='bbox 217 4315 473 4398; x_wconf 87' lang='lat' dir='ltr'><strong>voluntatemque</strong></span> <span class='ocrx_word' id='word_1_321' title='bbox 495 4317 598 4398; x_wconf 89' lang='lat' dir='ltr'><strong>magis</strong></span> <span class='ocrx_word' id='word_1_322' title='bbox 620 4317 874 4382; x_wconf 87' lang='lat' dir='ltr'><strong>accommodatas</strong></span> <span class='ocrx_word' id='word_1_323' title='bbox 896 4318 1014 4382; x_wconf 88' lang='lat' dir='ltr'><strong>formas</strong></span> <span class='ocrx_word' id='word_1_324' title='bbox 1036 4319 1168 4400; x_wconf 79' lang='lat' dir='ltr'><strong>sumpsit</strong></span> <span class='ocrx_word' id='word_1_325' title='bbox 1190 4325 1244 4382; x_wconf 92' lang='lat' dir='ltr'><strong>aut</strong></span> <span class='ocrx_word' id='word_1_326' title='bbox 1272 4337 1348 4401; x_wconf 91' lang='lat' dir='ltr'><strong>pau·</strong></span> 
     </span>
     <span class='ocr_line' id='line_1_41' title="bbox 217 4415 1347 4502; baseline 0.002 -22"><span class='ocrx_word' id='word_1_327' title='bbox 217 4415 307 4481; x_wconf 90' lang='lat' dir='ltr'><strong>latim</strong></span> <span class='ocrx_word' id='word_1_328' title='bbox 329 4415 486 4498; x_wconf 90' lang='lat' dir='ltr'><strong>quandam</strong></span> <span class='ocrx_word' id='word_1_329' title='bbox 508 4436 649 4481; x_wconf 89' lang='lat' dir='ltr'><strong>normam</strong></span> <span class='ocrx_word' id='word_1_330' title='bbox 671 4416 731 4481; x_wconf 92' lang='lat' dir='ltr'><strong>sibi</strong></span> <span class='ocrx_word' id='word_1_331' title='bbox 754 4417 920 4498; x_wconf 90' lang='lat' dir='ltr'><strong>constituit,</strong></span> <span class='ocrx_word' id='word_1_332' title='bbox 942 4417 1100 4502; x_wconf 88' lang='lat' dir='ltr'><strong>adquam</strong></span> <span class='ocrx_word' id='word_1_333' title='bbox 1122 4438 1210 4484; x_wconf 90' lang='lat' dir='ltr'><strong>usum</strong></span> <span class='ocrx_word' id='word_1_334' title='bbox 1232 4426 1263 4484; x_wconf 92' lang='lat' dir='ltr'><strong>et</strong></span> <span class='ocrx_word' id='word_1_335' title='bbox 1279 4438 1347 4483; x_wconf 94' lang='lat' dir='ltr'><strong>ver-</strong></span> 
     </span>
    </p>
   </div>
   <div class='ocr_carea' id='block_1_4' title="bbox 0 0 1444 5040">
    <p class='ocr_par' dir='ltr' id='par_1_5' title="bbox 0 0 1444 5040">
     <span class='ocr_line' id='line_1_42' title="bbox 0 0 1444 5040; baseline 0 1"><span class='ocrx_word' id='word_1_336' title='bbox 0 0 1444 5040; x_wconf 95' lang='lat' dir='ltr'><strong> </strong></span> 
     </span>
    </p>
   </div>
  </div>
 </body>
</html>
