2880 5040
372 336 525 399 ¹Priorum
544 335 603 393 (lic.
620 338 776 395 orationum
796 357 894 399 sermo.
948 348 953 361 '
1000 327 1004 335 ⁴
1128 326 1130 337 ³
1194 341 1213 407 5

84 503 194 568 borum
217 510 248 569 et
269 505 462 587 locutionum¹
481 513 513 573 et
534 509 797 579 constructionum
819 509 979 593 dirigeret.
1022 509 1133 593 ltaque
1156 528 1214 576 nos

83 604 121 667 in.
138 625 181 669 or.
204 626 261 689 pro
284 606 428 683 Quinctio
450 608 593 691 legentes
627 609 831 690 ,amicissima
852 610 999 676 brevitas‘
1032 610 1214 676 existimare

83 705 236 771 debemus
258 714 322 772 tum
345 707 527 773 Ciceronem
549 711 668 773 urbicas
689 710 866 794 promiscue
889 717 920 775 et
941 711 1086 795 personis
1113 717 1145 776 et
1165 729 1213 776 re·

83 807 143 872 bus
165 809 367 892 apposuisse3
389 809 446 874 sed
468 809 501 874 in
523 809 747 893 posterioribus
768 811 856 876 libris
879 801 1034 896 (exceptis
1055 812 1212 896 epistulis)

86 907 154 972 eius
170 908 283 988 locum,
306 910 449 990 quotiens
466 910 505 975 de
523 911 614 974 rebus
629 912 745 975 mentio
761 912 879 993 incidit,
901 919 1013 998 protus
1034 913 1084 977 vel
1105 916 1213 977 icona-

67 1010 143 1073 ·dcs
164 1009 215 1074 vel
236 1010 323 1074 aliud
344 1010 503 1092 quoddam
524 1011 564 1076 iis
587 1018 755 1094 cognatum
776 1012 965 1077 adiectivum
988 1013 1121 1078 obtinet
1144 1013 1214 1078 Huc

82 1110 168 1174 adde
189 1110 398 1193 ,cumprimis,
422 1130 556 1193 summe,
580 1113 748 1196 prohibere
770 1120 804 1177 ut
826 1116 895 1177 etc!
1220 1109 1223 1113 ’

168 1209 312 1275 Ceterum
325 1210 376 1276 hic
392 1213 581 1277 monendum
605 1221 653 1278 est
675 1214 759 1277 baud
782 1233 900 1297 paucas
923 1214 1130 1297 proprietates
1151 1234 1213 1279 non

82 1311 183 1376 solum
206 1312 238 1375 in
260 1312 369 1395 primis
392 1313 603 1394 orationibus,
640 1334 749 1379 verum
778 1315 873 1378 etiam
894 1315 1079 1379 intermissis
1101 1315 1214 1380 mediis

83 1413 116 1475 in
140 1414 289 1477 extremis
311 1413 331 1477 i.
352 1432 380 1477 e.
403 1414 440 1477 in
467 1413 718 1479 erationibus
740 1414 989 1498 Philippicis
1020 1434 1211 1499 comparere.

85 1511 177 1589 Quod
200 1532 269 1577 cum
292 1513 507 1580 rarefactum
530 1533 685 1581 essenon
712 1516 830 1600 possit,
862 1522 949 1581 certa
978 1517 1058 1581 ratio
1086 1517 1213 1580 investi·

85 1613 193 1696 ganda
219 1619 275 1695 ert,
299 1633 340 1679 ex
361 1634 424 1699 qua
445 1615 555 1681 Cicero
576 1617 618 1680 ad
640 1615 801 1699 pristinum
825 1617 951 1681 dicendi
971 1636 1089 1681 morem
1111 1636 1213 1682 recur-

82 1714 167 1778 rerit.
210 1715 257 1780 Ac
289 1714 366 1779 mihi
398 1717 525 1800 quidem
557 1717 699 1801 inprimis
728 1717 808 1782 haee
840 1717 947 1782 valere
975 1717 1055 1782 ratio
1082 1718 1214 1782 videtur.

83 1815 281 1899 Philippicae
313 1818 472 1883 orationes
499 1838 560 1882 non
593 1824 665 1883 sunt
693 1818 948 1883 adnumerandus
976 1817 1031 1900 iis,
1068 1837 1150 1901 quae
1172 1817 1214 1883 ad

83 1917 218 1982 sublime
239 1918 366 1983 dicendi
398 1938 500 2001 genus
532 1939 566 1984 se
589 1920 750 2003 applicant
772 1925 803 1983 et
825 1919 992 1983 verborum
1013 1925 1124 1983 ornatu
1145 1918 1214 1983 illu·

82 2023 201 2083 stratae
225 2037 263 2083 ac
286 2019 454 2085 distinctae
484 2026 569 2101 sunt,
604 2021 661 2084 sed
689 2019 793 2102 potius
823 2021 1013 2084 mediocrem
1041 2020 1213 2084 orationem

83 2125 256 2202 sequuntur
277 2124 309 2184 et
329 2121 452 2203 asperis
475 2121 710 2203 audacibusque
732 2121 862 2184 vocibus
884 2121 915 2183 in
937 2120 1106 2184 Antonium
1125 2120 1214 2184 Cice-

83 2221 153 2284 roni
174 2219 424 2286 inimicissimum
447 2222 580 2286 refertae
602 2228 682 2287 sunt.
726 2222 836 2303 ltaque
859 2219 980 2284 Tullius
1012 2239 1075 2284 non
1101 2221 1213 2285 oratio·

84 2320 133 2385 nis
156 2322 206 2386 vel
228 2321 377 2406 copiosae
399 2323 450 2386 vel
472 2323 626 2405 elegantis
648 2329 760 2387 ornatu
781 2341 819 2386 ac
840 2321 995 2386 suavitate
1018 2321 1139 2385 animos
1161 2341 1213 2386 eo-

82 2441 166 2502 rum,
190 2422 243 2505 qui
264 2423 409 2503 audiunt,
438 2422 643 2507 perfundere,
677 2424 735 2488 scd
768 2441 892 2487 omnem
921 2422 983 2486 vim
1017 2423 1213 2505 eloquentiae

82 2522 125 2586 ad
146 2522 365 2605 castigandum
388 2529 482 2606 atque
504 2524 737 2607 pervellendum
761 2523 919 2588 inimicum
941 2522 1084 2587 conicere
1101 2529 1132 2588 et
1147 2543 1212 2588 ma-

83 2623 136 2705 gis
157 2642 208 2687 res
232 2642 325 2705 quam
348 2624 446 2688 verba
468 2623 630 2689 intendere
652 2624 766 2688 studet.

165 2723 229 2788 Sed
250 2730 284 2789 ut
307 2743 345 2788 eo
367 2730 522 2804 revertar,
544 2726 628 2789 unde
651 2745 719 2789 sum
741 2725 920 2808 digressus,
945 2725 1002 2789 hos
1023 2743 1102 2806 quos
1123 2725 1212 2789 attuli

80 2825 168 2889 locos
190 2824 223 2888 in
245 2824 306 2889 hac
328 2825 556 2911 disceptatione
577 2826 718 2909 inprimis
735 2825 880 2908 persequi
894 2826 1017 2890 animus
1030 2832 1086 2889 est.
1122 2826 1213 2903 Quod

81 2930 188 2990 autem
210 2944 272 2989 non
294 2944 409 3009 parvus
430 2945 576 2991 numerus
603 2928 828 3010 proprietatum
856 2926 951 2990 etiam
984 2927 1016 2989 in
1048 2926 1135 2990 libris
1167 2928 1213 2991 de

83 3027 322 3091 Inventione
345 3027 482 3091 cernitur
504 3025 557 3108 (cf.
579 3027 618 3090 de
641 3027 749 3092 oratl
770 3027 814 3110 5),
838 3027 895 3091 hos
918 3045 1042 3109 quoque
1063 3029 1095 3091 in
1117 3046 1212 3109 quae-

81 3128 217 3192 stionem
237 3126 388 3205 inferam,
421 3128 523 3192 sicubi
555 3127 670 3192 inillis
693 3128 819 3210 eadem,
853 3127 987 3209 quaein
1010 3128 1212 3210 orationibus,

81 3228 295 3312 reperiuntur,
330 3228 435 3292 missis
458 3229 496 3292 iis
518 3228 626 3293 formis
649 3228 881 3311 singularibus,
919 3246 1001 3309 quae
1022 3229 1053 3292 in
1075 3230 1114 3292 iis
1136 3229 1212 3294 solis

80 3330 243 3412 leguntur,
267 3348 306 3393 ne
329 3337 419 3395 extra
441 3330 591 3394 terminos
613 3329 789 3412 quaestioni
810 3329 994 3392 constitutos
1014 3329 1169 3411 egrediar.

165 3429 422 3494 Percommodum
445 3431 572 3511 quidem
594 3435 679 3494 esset
701 3430 796 3494 etiam
817 3428 1019 3513 epistularum
1042 3429 1212 3494 librcshuc

81 3530 214 3613 referre,
247 3531 394 3613 quoniam
416 3531 538 3612 largam
561 3531 685 3614 copiam
707 3531 929 3595 vocabulorum
952 3537 983 3594 ct
1003 3529 1172 3593 formarum
1194 3548 1212 3594 e

80 3632 240 3698 cotidiano
261 3649 406 3697 sermone
429 3638 623 3714 sumptarum
645 3631 891 3696 subministrant.
935 3630 1049 3694 Verum
1077 3630 1152 3693 milri
1182 3635 1213 3695 et

79 3733 249 3816 angustiae
272 3733 424 3815 temporis
446 3731 629 3813 obstabant,
653 3733 818 3814 quominus
838 3732 871 3795 id
893 3731 1085 3815 perficerem,
1108 3739 1140 3795 et
1161 3749 1212 3794 res

80 3840 146 3899 tam
168 3835 262 3915 longe
283 3838 379 3915 patet,
402 3833 630 3915 utquaestione
644 3851 786 3897 seorsum
808 3832 999 3896 instituenda
1020 3833 1119 3914 digna
1141 3849 1212 3896 esse

81 3935 238 4000 videatur.

163 4034 347 4116 Argumenti
368 4033 512 4097 divisio
534 4033 649 4115 triplex
671 4039 727 4098 est.
772 4033 877 4097 Prima
899 4052 974 4117 pars
993 4033 1034 4096 ad
1056 4033 1212 4097 elementa

80 4136 307 4220 grammaticae
330 4134 447 4198 latinae
469 4135 618 4218 pertinet,
641 4134 741 4198 altera
763 4133 795 4197 in
817 4134 963 4217 syntaxin
985 4134 1088 4216 cadit,
1121 4134 1214 4199 tertia

79 4235 123 4300 ad
145 4235 268 4318 copiam
290 4234 455 4298 verborum
479 4241 612 4318 spectat.
635 4271 676 4281 -
718 4234 755 4297 In
787 4235 951 4299 elementis
983 4236 1213 4317 pertractandis

80 4337 219 4400 maxime
241 4336 421 4400 adiumento
443 4336 519 4399 mihi
542 4335 601 4401 fuit
623 4335 903 4401 laboriosissimum
920 4336 997 4400 illud
1014 4336 1212 4401 Friderioi

79 4435 190 4501 Neue
223 4454 301 4519 opus
336 4436 585 4520 (,F0rmenlehre
620 4437 677 4503 der
711 4437 764 4502 lat.
792 4435 954 4521 Sprache‘,
987 4437 1131 4504 1²1876.
1165 4437 1211 4503 Il²
