2880 5040
217 336 259 405 52
438 414 443 421 .
682 334 883 391 renuimus.

218 505 350 570 aliarum
373 503 542 568 dictionum
564 520 633 585 usu,
656 503 703 568 sie
724 503 756 568 iu
778 503 839 568 hac
854 503 980 568 dicendi
995 503 1353 569 consuetudineOicero

218 605 287 670 sine
309 603 405 669 dubio
425 602 549 685 priscos
569 605 745 668 aemulatur
766 604 948 688 scriptores,
969 604 1022 684 qui
1039 621 1194 688 persaepe
1209 622 1352 686 ,quoqne

218 705 324 770 etiam‘
349 704 417 769 sive
443 703 548 785 ,etiam
584 707 719 785 quoque‘
747 704 956 787 scripserunt,
978 723 1007 767 r.
1030 702 1134 768 Hand.
1157 704 1193 769 V.
1216 703 1352 783 1155&

218 805 331 871 Holtne
351 805 383 867 II
404 803 466 869 340
487 822 573 884 sqq.3
596 805 726 868 Lorena.
748 803 791 868 ad
811 804 904 869 Most.
925 823 954 869 v.
978 803 1068 870 1096.

304 902 339 984 d)
365 903 425 967 Per
446 903 618 984 particulas
639 921 687 967 ne
709 955 716 970 .
741 953 748 969 .
772 950 780 967 .
803 903 957 984 quidem
978 903 1164 986 plerumque
1183 892 1253 967 cum
1276 920 1353 984 gra-

218 1003 345 1068 datione
366 1002 474 1083 aliqua
494 1002 645 1067 orationis
667 1020 730 1067 vox
753 1003 909 1085 quaedam
930 1003 1078 1085 negative
1105 1001 1240 1067 effertur.
1285 1002 1353 1066 Sed

218 1103 340 1168 duobus
369 1101 446 1166 locis
469 1101 644 1177 orationum
675 1102 755 1166 haec
777 1103 873 1169 elatio
895 1115 934 1168 eo
956 1101 1102 1184 efficitur,
1130 1106 1164 1166 ut
1190 1101 1352 1167 vocabulo

217 1202 417 1268 antecedenti
438 1219 535 1265 unus
557 1221 628 1266 cum
649 1202 807 1283 gravitate
829 1202 966 1284 quadam
993 1202 1093 1267 altero
1121 1201 1190 1267 loeo
1218 1202 1353 1283 negatio
1421 1263 1435 1292 ,

146 1324 149 1330 ·
217 1321 300 1382 non,
322 1301 422 1366 altero
445 1319 532 1383 pron.
555 1300 691 1366 nullus
712 1301 879 1367 succedat:
901 1301 937 1365 R.
960 1302 998 1365 Α.
1021 1302 1061 1369 77
1082 1319 1163 1365 aare
1182 1318 1262 1384 puer
1286 1349 1294 1365 .
1316 1349 1352 1366 ..

219 1420 259 1466 ex
286 1406 374 1465 tanta
405 1397 526 1465 familia
553 1402 627 1465 Sex.
649 1401 766 1466 Roscio
798 1402 926 1466 relictus
956 1420 1020 1465 noa
1052 1404 1112 1466 est‘
1133 1427 1178 1459 =
1198 1419 1239 1466 nc
1267 1420 1354 1466 unus

219 1501 346 1584 quidem
376 1518 454 1582 pner
486 1506 561 1580 etc.;
594 1500 624 1565 d.
654 1520 741 1584 pror.
776 1521 862 1567 cons.
884 1502 904 1568 7
935 1505 985 1582 ,ut
1007 1503 1107 1565 'unam
1128 1502 1254 1584 signum
1279 1553 1288 1568 .
1313 1551 1353 1566 ..

217 1602 340 1665 collam
362 1600 533 1664 haberent‘.
576 1601 655 1664 Tale
678 1602 752 1683 quid
775 1621 821 1666 or.
842 1621 873 1685 p.
896 1601 932 1666 R.
955 1602 992 1664 A.
1015 1602 1076 1668 102
1097 1601 1230 1684 praebet
1251 1606 1300 1682 ,ut
1320 1602 1354 1666 iu

217 1702 355 1765 calcinato
370 1699 465 1764 rebus
485 1699 629 1764 homines
651 1700 837 1784 amplissimi
859 1699 1070 1764 testimonium
1093 1700 1133 1764 de
1155 1719 1214 1765 sua
1234 1719 1270 1765 rc
1287 1720 1356 1765 acra

218 1800 368 1864 dicerent‘
390 1821 431 1854 =
454 1806 488 1864 ut
509 1819 549 1863 ne
570 1800 708 1864 minimis
731 1799 858 1882 quidem
880 1801 913 1865 in
934 1800 1028 1864 rebus
1051 1847 1059 1863 .
1082 1849 1090 1866 .
1114 1851 1122 1867 .
1145 1800 1299 1866 dicerent

301 1904 336 1977 e)
363 1903 400 1961 et
483 1946 490 1962 .
514 1917 598 1981 que.
641 1898 733 1963 Hunc
751 1918 841 1965 usum
863 1900 1044 1982 Madvigius
1072 1899 1128 1982 (ad
1151 1899 1221 1964 lin.
1245 1900 1274 1964 V
1295 1901 1353 1985 64)

218 2018 259 2064 ex
279 1998 483 2080 neglegentia
504 1998 642 2081 quadam
664 1998 850 2083 scriptorum
872 2020 1003 2065 manare
1029 1988 1142 2079 docet,
1170 1999 1223 2082 qni
1257 2001 1355 2082 quasi
1406 2053 1408 2056 ,

217 2097 329 2182 prioris
362 2097 538 2181 particulae
570 2098 659 2162 obliti
691 2099 822 2163 alterum
856 2100 1030 2164 membrum
1063 2098 1160 2182 priori
1192 2098 1355 2182 particula

218 2219 275 2282 qua
305 2197 532 2262 subiunxerint.
582 2198 672 2262 idem
701 2199 841 2264 thner.
875 2198 1059 2282 comprobat
1091 2198 1133 2262 ad
1159 2199 1252 2262 Tusc.
1283 2199 1353 2264 14.

218 2298 283 2362 Sed
305 2297 397 2361 huius
417 2296 558 2362 incuriae
580 2298 727 2382 exempla
748 2297 833 2380 apud
845 2297 908 2363 Oie.
925 2298 1003 2363 satis
1024 2317 1096 2363 raro
1109 2297 1353 2380 deprehendun-

218 2406 281 2463 tur:
303 2398 395 2462 Rose.
418 2396 455 2459 Α.
477 2398 518 2464 48
541 2399 683 2477 ,Aenon
705 2397 799 2490 modo
830 2399 890 2462 hoc
920 2404 1045 2481 patrum
1071 2397 1231 2462 voluntale
1258 2396 1354 2462 liberi

219 2498 353 2576 faciunt,
382 2496 439 2561 sed
460 2495 631 2580 permultos
654 2502 686 2561 et
707 2515 768 2579 ego
790 2496 863 2562 novi
885 2503 931 2579 et,
955 2497 1088 2562 nisime
1111 2495 1199 2560 fallit·
1213 2497 1354 2579 animus,

218 2618 298 2662 unus
320 2597 453 2679 quisque
474 2602 628 2677 vestrum,
660 2597 713 2678 qui
736 2605 765 2662 et
785 2598 847 2681 ipsi
869 2598 989 2662 incensi
1011 2602 1084 2661 sunt
1110 2594 1230 2678 studio,
1264 2597 1354 2678 quod

218 2698 260 2763 ad
282 2717 393 2780 agrum
422 2695 587 2761 colendum
614 2698 740 2778 attinet,
773 2700 929 2782 vitamque
959 2696 1041 2761 hano
1073 2696 1223 2761 ursticam
1246 2748 1254 2762 .
1280 2745 1288 2760 .
1311 2744 1352 2762 ..

218 2797 438 2862 suavissimam
470 2815 542 2861 esse
574 2798 783 2862 arbitrantur‘.
826 2798 895 2863 Hoc
928 2798 1011 2862 enim
1044 2795 1115 2861 loco
1148 2815 1198 2860 vv.
1232 2803 1261 2860 ct
1290 2799 1355 2880 ipsi

217 2917 280 2962 non
301 2897 386 2961 idem
407 2895 588 2977 significant
608 2896 692 2978 quod
714 2899 776 2980 apa
802 2918 934 2983 qaoque,
967 2896 1025 2961 sed
1058 2896 1140 2960 duae
1171 2897 1354 2962 sententiae

219 3016 330 3080 parum
351 3001 497 3060 accurate
519 2995 580 3059 sibi
603 3003 810 3079 opponuntur.
854 2999 940 3063 Verr.
967 2997 992 3060 V
1014 2996 1034 3062 3
1055 2996 1158 3076 ,simul
1182 3003 1211 3060 et
1232 2995 1275 3062 de
1296 2997 1354 3068 illo

200 3095 357 3177 uulnere,
380 3096 464 3176 qnod
487 3142 494 3158 .
518 3146 525 3160 .
549 3144 556 3158 .
580 3103 756 3179 acceperat,
779 3098 877 3160 multa
896 3096 977 3161 dixit
999 3115 1095 3180 eoque
1116 3096 1250 3161 adduxit
1272 3101 1354 3180 eos‘,

218 3217 247 3263 v.
272 3213 344 3278 epp.
367 3195 408 3259 ad
429 3194 504 3260 sam.
529 3195 544 3258 1
566 3195 585 3261 5
607 3196 643 3277 b,
666 3199 700 3277 13
722 3199 786 3260 Att.
808 3197 884 3262 XVI
905 3200 942 3276 4,
964 3199 993 3263 4.
1021 3198 1114 3261 Tusa
1137 3196 1153 3260 I
1175 3197 1197 3260 4
1218 3200 1295 3276 ete.;
1319 3217 1352 3261 v.

220 3296 337 3376 Draeg.
359 3295 389 3374 ξ.
410 3294 482 3376 322,
504 3294 607 3360 1178.

185 3449 197 3465 „
301 3393 331 3474 t)
357 3413 485 3474 neque
507 3446 514 3461 .
537 3443 545 3460 .
567 3442 575 3458 .
598 3413 680 3477 que.
723 3396 811 3460 Haec
833 3396 964 3461 duorum
987 3395 1196 3460 membrorum
1219 3395 1353 3462 distinc-

217 3493 262 3558 tio
282 3494 397 3577 legitur
417 3494 448 3557 in
469 3513 512 3558 or.
535 3493 603 3559 Cat.
626 3495 658 3559 lI
679 3495 720 3561 28
740 3501 772 3561 et
792 3495 873 3560 Phil.
895 3495 1015 3562 11109.

301 3593 403 3674 §.uo
455 3594 509 3657 De
549 3594 763 3676 particulis
805 3595 1091 3660 adversativis.
1149 3593 1354 3677 Quamquam

218 3693 416 3776 grammatici
439 3693 520 3757 inter
536 3712 571 3758 se
587 3695 785 3760 consentiunt
798 3695 879 3760 inter
894 3696 1065 3777 particulas
1088 3694 1154 3760 sed
1171 3700 1203 3759 et
1216 3713 1354 3760 verum

218 3794 273 3858 vix
295 3793 466 3876 quidquam
488 3793 678 3858 discriminis
700 3794 911 3877 intercedere,
939 3794 999 3859 hoc
1025 3800 1131 3859 tamen
1154 3796 1266 3878 negari
1287 3816 1354 3861 uon

219 3899 324 3976 potest
337 3893 474 3957 Tullium
495 3895 596 3976 primo
618 3897 749 3977 ,verum‘
771 3895 898 3977 saepius
920 3894 1088 3959 admisisse
1111 3913 1205 3975 quam
1227 3901 1355 3977 postea,

219 4011 289 4057 eum
310 3993 342 4056 in
364 3994 558 4058 orationibus
590 3994 764 4077 posteriore
790 4000 894 4059 aetate
922 3994 1108 4077 conscriptis
1129 3997 1262 4076 ,verum‘
1284 3995 1354 4078 ple-

217 4110 348 4174 rumque
369 4093 413 4156 ibi
435 4099 555 4157 tantum
578 4093 712 4159 collocet
718 4143 727 4176 ,
757 4094 811 4158 ubi
837 4093 1026 4158 sententiam
1047 4094 1183 4176 priorem
1205 4094 1356 4160 celeriter

220 4191 377 4278 abrumpit
407 4198 503 4275 atque
535 4194 707 4258 intercidit:
740 4194 773 4258 id
806 4193 890 4275 quod
921 4193 1059 4258 maxime
1095 4211 1152 4276 per
1183 4193 1354 4259 formulam

219 4311 352 4357 verum
375 4299 457 4357 esto
479 4293 644 4359 indicatur.

300 4392 406 4456 Primo
427 4395 557 4474 ,verum‘
579 4393 637 4476 (=
657 4392 754 4474 ,aber‘
779 4390 841 4456 und
863 4392 1035 4476 ,sondem‘)
1058 4392 1194 4474 legimus
1213 4392 1354 4458 inlibris
