2880 5040
388 396 513 454 Priorum
532 396 590 454 (iic.
610 397 766 453 orationum
785 412 885 454 sermo.
1149 392 1190 463 31

62 565 108 649 ei,
132 566 185 648 qui
206 564 285 631 sibi
307 566 440 648 exlege
462 571 589 649 praetor
609 573 820 650 successerat,
850 568 1022 632 exercitum
1044 585 1105 630 non
1127 571 1190 631 tra·

61 667 162 733 didit‘.
205 667 265 731 Hic
292 685 355 730 non
383 686 511 750 possum
540 658 601 731 iron
631 668 781 734 adnotare
803 669 971 752 permiram
993 667 1069 730 mibi
1091 665 1191 730 videri

61 768 243 851 explicandi
265 768 417 832 rationem
439 768 655 832 nonnullorum
678 769 970 851 grammaticorum,
1008 767 1061 850 qui
1083 767 1191 832 existi-

61 874 149 935 ment
170 867 229 933 hoc
252 867 377 933 dicendi
400 886 500 950 genus
522 868 671 934 illustrari
693 876 788 954 atquc
810 868 987 954 explanari,
1016 869 1043 932 si
1064 887 1121 950 pro
1142 886 1191 931 re-

59 970 160 1034 latino
182 969 343 1035 enuntiato
365 969 462 1032 subst.
500 971 697 1050 ,successori‘
730 977 857 1053 ponunt.
901 969 1000 1045 Quasi
1028 987 1102 1032 vero
1130 987 1192 1033 non

61 1075 248 1152 ,successor‘
270 1069 397 1133 inversa
423 1069 544 1135 rationo
570 1070 886 1135 circumscribendum
908 1075 993 1134 esset
1013 1074 1068 1133 aut
1096 1087 1191 1132 enun-

60 1175 141 1236 tiato
162 1169 226 1254 ,qui
248 1170 282 1234 ei
304 1218 312 1234 .
335 1220 343 1234 .
365 1173 573 1234 successerat‘
596 1177 651 1235 aut
672 1171 734 1254 ,qui
756 1170 835 1235 sibi
859 1224 865 1236 .
889 1214 897 1234 .
920 1169 1145 1236 successisset.

146 1272 212 1335 Inv.
237 1270 324 1337 117:
356 1272 469 1352 ,Atque
497 1270 548 1335 bic
574 1271 699 1353 quidem
728 1272 797 1356 ipse
825 1277 857 1336 et
884 1290 955 1337 sese
976 1270 1079 1355 ipsum
1102 1269 1193 1334 nobis

62 1379 97 1439 et
119 1391 193 1453 eos,
213 1371 268 1455 qui
289 1376 363 1436 ante
385 1390 425 1436 se
447 1370 586 1453 fuerant,
608 1372 640 1435 in
663 1372 766 1437 medio
787 1372 911 1456 posuit‘.

147 1472 239 1537 Rosc.
262 1472 299 1536 A.
322 1470 357 1537 b:
387 1471 479 1552 ,bunc
500 1471 562 1535 sibi
584 1492 624 1537 ex
646 1473 750 1538 animo
773 1473 966 1556 scrupulum,
987 1470 1041 1554 qui
1062 1489 1104 1535 se
1126 1471 1193 1534 dies

62 1579 236 1655 noctesque
258 1570 398 1636 stimulat
420 1590 459 1637 ac
480 1573 611 1655 pungit,
633 1580 666 1638 ut
687 1574 846 1655 evellatis,
869 1572 1027 1656 postulat‘.

149 1674 236 1739 Verr.
261 1672 288 1736 V
311 1671 385 1739 128:
411 1672 513 1753 ,Dexo
537 1673 597 1755 bic,
621 1694 712 1756 quem
735 1674 858 1757 videtis,
883 1692 944 1737 non
965 1690 1048 1756 quae
1069 1670 1194 1755 publice

62 1773 264 1858 Tyndaride,
285 1792 348 1837 non
370 1791 451 1856 quae
473 1774 619 1856 privatim
643 1776 719 1841 sibi
742 1774 892 1860 eripuisti,
914 1774 971 1838 sed
993 1773 1118 1837 unicum
1139 1771 1195 1835 mi-

62 1895 118 1942 ser
139 1875 197 1940 abs
218 1880 249 1938 te
272 1874 368 1938 filium
391 1874 542 1957 optimum
564 1881 658 1957 atque
678 1874 966 1941 innocentissimum
988 1872 1132 1956 flagitat‘.

149 1976 191 2040 At
211 1977 272 2040 huc
293 1995 356 2040 non
378 1975 537 2058 pertinent
559 1977 620 2040 duc
642 1975 704 2040 loci
725 1995 766 2041 ex
786 1975 874 2040 libris
896 1974 936 2039 dc
958 1975 1021 2041 div.
1044 1975 1075 2055 1,
1096 1974 1137 2038 54
1165 1977 1197 2037 et

63 2077 109 2142 de
129 2077 183 2141 fin.
204 2077 234 2158 2,
257 2077 314 2154 30,
342 2077 394 2160 qui
418 2096 438 2141 a
459 2076 624 2157 Draegerc
646 2076 845 2160 proteruntur
866 2076 897 2140 in
920 2079 949 2156 ἓ.
973 2075 1029 2159 303
1063 2094 1135 2138 nam
1158 2091 1197 2137 ea
1317 2158 1321 2166 Ι

62 2178 181 2259 verba,
217 2195 299 2260 quae
324 2175 430 2240 dille
459 2196 487 2241 v.
510 2176 615 2259 affert,
644 2176 859 2242 tantummodo
887 2176 918 2239 in
949 2176 1086 2241 editione
1109 2173 1196 2239 Orel-

63 2281 154 2347 liana
174 2278 335 2361 leguntur,
368 2295 439 2341 cum
467 2276 559 2342 codd.
581 2277 621 2341 iis
642 2284 826 2361 repugnent.
871 2277 962 2341 Hunc
989 2296 1080 2341 usum
1102 2275 1196 2339 etiam

65 2379 239 2445 Lorenzius
261 2377 371 2462 paucis
393 2376 500 2460 attigit
521 2377 562 2441 ad
584 2378 685 2443 Plaut.
708 2378 773 2442 Mil.
795 2397 825 2441 v.
848 2377 919 2442 181.

154 2482 184 2560 ἕ.
207 2479 256 2546 39.
300 2477 532 2560 Quisquam,
556 2497 629 2543 non
651 2478 764 2543 ullus.
806 2479 982 2543 Pronomen
1004 2475 1197 2542 indefinitum

68 2580 279 2666 quisquam
311 2597 381 2643 cum
409 2578 593 2663 pierumque
615 2598 673 2662 pro
706 2578 902 2644 substantivo
924 2578 1059 2663 positum
1081 2577 1137 2656 sit,
1166 2576 1198 2640 in

66 2681 160 2747 Verr.
191 2680 223 2744 ΙΙ
250 2680 295 2768 Ι17
331 2684 437 2743 tamen
470 2679 675 2744 substantivis
704 2680 845 2745 additum
875 2680 1034 2744 videmus:
1069 2679 1108 2761 ,si
1136 2678 1199 2741 cui-

68 2801 167 2867 quam
187 2780 296 2865 generi
319 2779 477 2844 bantinum
502 2830 509 2844 .
534 2829 541 2844 .
564 2827 572 2843 .
596 2830 619 2863 .,
653 2781 680 2845 si
710 2781 854 2863 cuiquam
885 2781 986 2845 ordini
1007 2781 1075 2844 sivo
1096 2785 1199 2844 orato·

67 2902 141 2949 rum
163 2882 231 2946 sive
251 2880 469 2967 pecuariorum
493 2927 624 2947 .....
647 2882 798 2967 probatus
819 2883 883 2962 sit‘3
906 2882 960 2963 qui
983 2900 1057 2945 usus
1078 2879 1199 2944 rarissi-

68 3001 142 3047 mus
164 2987 231 3062 est,
266 2981 324 3046 sed
345 2981 496 3046 hocloco
519 2980 632 3045 saltem
653 2982 693 3046 de
716 2982 893 3047 bominibus
914 2983 1028 3064 agitur.
1073 2980 1200 3046 Verum·

68 3089 179 3149 tamen
196 3081 366 3165 singularis
382 3081 435 3146 ille
457 3081 555 3165 iocus,
578 3082 630 3164 qui
653 3082 694 3147 ad
707 3085 770 3147 Att.
782 3083 907 3164 111123,
929 3083 949 3150 3
971 3081 1101 3165 legitur:
1124 3081 1200 3163 ,qui-

70 3186 228 3266 busquam
262 3183 404 3248 amoenis
435 3182 525 3247 locis‘
560 3183 739 3248 auctoribus
773 3184 886 3248 Bootio
919 3189 951 3248 et
972 3181 1201 3265 Wesenbergio

69 3284 240 3349 mutandus
262 3284 362 3348 estin
384 3283 580 3366 ,quibusdam
603 3304 664 3349 am.
687 3285 719 3350 l!
1175 3294 1178 3299 ’

156 3384 192 3449 ln
213 3384 276 3450 div.
299 3386 330 3447 in
353 3383 446 3449 daec.
468 3383 509 3451 60
540 3403 650 3448 omnes
675 3384 746 3449 iibri
775 3383 941 3448 lectionem
964 3383 1130 3468 praebent:
1163 3382 1202 3465 ,si

69 3504 148 3552 vero
169 3504 244 3550 non
269 3485 350 3550 ulla
376 3485 432 3549 tibi
454 3484 539 3549 facta
560 3491 609 3549 est
630 3485 764 3567 iniuria‘,
794 3504 887 3567 quam
909 3484 1071 3568 Zumptius
1094 3482 1202 3548 defen-

71 3586 129 3651 dit.
171 3586 236 3651 Sed
257 3585 312 3651 alii
334 3592 442 3650 eontra
475 3585 583 3650 dicunt
611 3586 744 3651 formam
775 3604 848 3666 ,non
870 3585 963 3649 ulius‘
994 3603 1051 3668 pro
1078 3583 1203 3665 ,nuilus‘

69 3686 234 3753 insolitam
255 3704 327 3750 esse
349 3686 538 3770 minimeque
561 3683 706 3752 Oiccroni
728 3685 990 3767 adiudicandum,
1014 3704 1106 3767 quam
1129 3703 1202 3748 con-

70 3787 258 3853 troversiam
282 3805 322 3850 no
347 3785 506 3850 Kuebneri
528 3786 654 3869 quidem
676 3786 900 3851 intercessione
923 3788 979 3868 (ad
1000 3786 1125 3850 Tusci
1148 3785 1201 3868 94)

63 3886 280 3970 compositam
310 3905 381 3951 esse
415 3886 570 3952 existimo.
614 3888 706 3964 Quod
737 3906 812 3951 vero
840 3887 952 3951 attinet
974 3886 1015 3951 ad
1037 3886 1140 3951 locum
1163 3906 1204 3951 ex

70 3987 137 4055 div,
159 3987 192 4051 in
213 3986 306 4052 anc.
329 4007 425 4071 supra
447 3987 656 4071 adscriptum,
692 3989 786 4073 piane
809 3987 892 4052 iliius
923 3992 1002 4067 (non
1023 3987 1122 4069 ullus)
1148 4006 1204 4070 pa·

70 4087 239 4155 trceinium
255 4088 394 4171 suscepit
405 4087 512 4153 Haase
528 4089 560 4153 in
576 4109 606 4152 n.
619 4089 678 4155 361
694 4089 834 4172 (Reisigs
846 4088 1064 4170 VorIesungen
1081 4088 1203 4171 poco).

74 4193 125 4255 Ae
145 4208 204 4254 nos
224 4188 345 4254 Haasio
367 4189 563 4253 assentimur.
607 4187 671 4252 Sed
693 4189 806 4271 locum,
830 4190 882 4271 qui
904 4190 992 4254 Verr.
1009 4188 1056 4252 III
1079 4189 1204 4254 1241c-

71 4291 178 4377 gitur,
202 4309 264 4355 non
286 4290 346 4354 huc
367 4290 485 4372 refero,
519 4289 603 4372 quod
626 4290 658 4353 in
681 4310 801 4374 magna
821 4290 970 4354 librorum
993 4290 1205 4374 discrepantia

71 4392 193 4459 usitata
213 4391 313 4457 forma
333 4388 542 4476 praeferenda
574 4396 621 4455 est
646 4411 739 4458 rarae
772 4409 810 4455 ac
830 4410 932 4475 paene
953 4392 1104 4457 incertas.
1147 4390 1204 4455 Oo-

70 4493 149 4563 mici
169 4493 319 4560 dicebant
338 4511 410 4559 nec
430 4491 552 4574 ullus,
574 4489 614 4561 cf.
636 4490 713 4558 Brix
734 4492 777 4559 ad
797 4492 902 4559 Plaut.
924 4492 1047 4577 captiv.
1068 4512 1098 4556 v.
1115 4491 1184 4559 100.

950 4611 996 4681 3.
