2880 5040
235 361 276 425 10
699 361 733 416 Η.
752 359 900 419 Hellmuth.

236 529 444 613 superlativus
466 530 569 614 ,imus‘
590 530 692 596 locum
713 531 833 596 obtinet
855 530 887 595 in
898 530 1054 596 Comificii
1067 530 1145 598 rhet.
1156 530 1198 596 ad
1210 530 1368 597 Hereum:

236 628 783 714 fflstffiffiffiWQm

588 797 657 863 ΠΙ.
689 797 740 864 Ile
761 797 1012 864 numeralibus.

321 934 349 1011 ξ.
372 932 401 998 7.
437 929 493 994 De
515 930 799 997 cardinalibus.
844 932 891 996 De
913 931 1085 997 accusativi
1105 929 1207 996 forma
1227 931 1302 996 tris
1326 930 1367 998 cf.

236 1030 275 1097 N.
300 1030 422 1097 11149.
465 1030 515 1094 Ex
542 1031 733 1096 orationibus
763 1031 844 1097 hanc
872 1032 1037 1096 lectionem
1059 1030 1212 1115 praebent
1232 1031 1313 1096 Phil.
1336 1030 1369 1095 ΙΙ

237 1132 277 1198 55
302 1130 409 1215 (Vat.)
433 1135 463 1194 et
485 1131 571 1196 Veur.
594 1132 688 1199 1142
719 1132 811 1216 (Lag.
833 1133 875 1199 42
895 1153 941 1217 pr.
965 1153 1005 1198 m.
1027 1158 1069 1188 =
1090 1131 1189 1217 tuis),
1222 1151 1294 1198 cum
1317 1151 1368 1196 oe-

237 1232 312 1296 teris
335 1232 367 1295 in
388 1231 465 1296 loeis
493 1233 669 1296 orationum
705 1239 786 1298 tres
818 1233 1003 1298 auctoritate
1037 1233 1186 1297 librorum
1217 1231 1368 1297 firmetur.

237 1332 391 1415 Equidem
423 1332 569 1397 existimo
597 1331 679 1397 banc
700 1332 833 1398 formam
855 1334 886 1398 in
908 1334 1042 1399 eandem
1064 1333 1292 1398 dubitationem
1314 1352 1368 1398 vo·

238 1432 373 1497 eandam
394 1451 466 1498 esse
488 1437 582 1516 atque
604 1433 776 1498 accusativi
798 1433 876 1518 plur.
899 1434 1148 1500 terminationem
1171 1431 1369 1516 quorundam

238 1533 502 1599 substantivorum
524 1532 582 1600 ΙΙΙ.
605 1532 685 1598 decl.
708 1534 739 1598 in
761 1534 795 1599 is
816 1541 981 1600 sonantem
1004 1535 1049 1620 (ξ.
1074 1534 1120 1620 3).
1162 1534 1273 1618 ltaque
1294 1533 1369 1598 We·

238 1635 375 1719 senberg
405 1636 437 1699 in
467 1632 541 1699 edit.
574 1653 643 1718 epp.
676 1633 741 1698 Cio.
778 1635 921 1700 omnibus
953 1635 992 1699 iis
1021 1634 1115 1717 loeis,
1148 1653 1226 1718 quos
1247 1634 1370 1699 Neuius

238 1736 259 1801 l.
282 1754 307 1801 e.
329 1734 446 1820 profert
467 1735 509 1799 ad
543 1733 676 1798 formam
709 1735 787 1816 ,tris‘
819 1735 1079 1816 confirmandam,
1114 1738 1198 1820 ‚tres‘
1231 1735 1369 1819 scripsit.

240 1837 357 1902 Contra
378 1832 634 1902 consuetudinem
657 1834 769 1900 Cicero
802 1835 835 1900 in
864 1856 908 1903 or.
936 1858 967 1922 p.
988 1837 1081 1902 Rosc.
1113 1838 1149 1903 A.
1171 1838 1213 1903 20
1244 1835 1371 1920 scripsit

240 1938 360 2018 ,decem
382 1942 414 2002 et
434 1940 519 2016 tres‘,
542 1939 573 1999 et
596 1934 636 2002 99
657 1935 767 2017 ,tribus
789 1940 821 2001 et
841 1937 980 2018 decem‘3
1002 1936 1224 2004 inVerr.136
1247 1936 1371 2018 ,decem

240 2041 309 2104 sex‘
334 2036 498 2122 (Lag.29)
522 2042 553 2100 et
572 2037 604 2100 in
626 2054 671 2100 or.
694 2035 724 2098 d.
748 2034 768 2101 l.
792 2055 860 2119 agr.
882 2036 915 2101 ΙΙ
938 2039 977 2107 16
999 2045 1130 2123 ,septem
1152 2038 1283 2102 decem‘.
1305 2035 1371 2101 Sed

240 2139 317 2204 illud
338 2158 401 2202 non
422 2137 564 2203 omittam
587 2136 693 2200 dicere
715 2142 834 2201 eertum
855 2139 1003 2204 iudicium
1033 2139 1073 2203 de
1105 2139 1154 2204 his
1175 2138 1283 2203 formis
1304 2157 1370 2203 om·

240 2241 314 2306 nino
336 2259 399 2305 non
420 2258 515 2323 posse
536 2237 619 2320 fieri,
652 2243 821 2321 propterea
854 2240 938 2322 quod
970 2240 1002 2304 in
1035 2239 1261 2323 antiquissimis
1283 2238 1371 2303 libris

240 2360 395 2427 persaepe
417 2345 510 2405 notae
532 2356 730 2405 numerorum
751 2338 856 2421 pictae
879 2345 982 2422 erant,
1016 2360 1098 2424 quae
1127 2345 1239 2426 postea
1265 2339 1372 2404 verbis

241 2441 454 2508 numeralibus
475 2444 684 2506 commutatae
705 2445 786 2504 sunt.

579 2606 637 2674 IV.
681 2604 732 2671 lle
753 2605 1031 2688 pronominibus.

324 2742 353 2823 ὅ.
376 2742 406 2810 8.
450 2741 687 2808 Pronomina
708 2742 955 2825 personalia.
978 2742 1116 2824 Antiqua
1128 2740 1374 2807 ablativiforma

243 2848 326 2908 tete
348 2842 496 2925 quoniam
518 2841 550 2906 in
572 2841 715 2907 oratione
737 2862 767 2926 p.
789 2843 881 2907 Roso.
905 2842 976 2907 Am.
992 2843 1049 2908 44:
1071 2846 1228 2924 ,tamenne
1251 2842 1330 2906 haec
1353 2861 1374 2906 a

243 2950 275 3010 te
299 2943 363 3027 (sie
384 2941 453 3008 cod.
474 2947 557 3012 Mon.
579 2952 611 3011 et
631 2947 703 3012 Par.
720 2943 756 3024 93
778 2950 893 3008 attente
915 2943 969 3009 alii
990 2942 1101 3020 codd.)
1126 2944 1192 3008 vita
1212 2941 1374 3008 rusticana

243 3044 396 3126 relegatio
430 3046 679 3132 appellabitur?
716 3045 896 3110 coniectura
927 3064 1037 3129 parum
1066 3045 1157 3109 firma
1177 3045 1284 3109 nititur
1315 3042 1372 3127 (cf.

244 3145 334 3210 Neue
357 3145 503 3233 11182),
537 3147 654 3213 suflicit
674 3163 937 3212 commemorasse
974 3146 1155 3229 genetivum
1193 3145 1373 3228 partitivum

244 3253 467 3312 nostrorum
500 3248 601 3332 poetis
635 3247 763 3314 cornicis
798 3252 829 3310 et
850 3245 953 3310 Gellio
986 3245 1226 3328 frequentatum.
1268 3245 1305 3308 In
1327 3264 1372 3310 or.

247 3347 329 3411 enim
351 3367 381 3431 p.
406 3348 612 3416 Omont-194
644 3354 708 3413 tres
730 3346 840 3431 optimi
861 3347 952 3412 codd.
976 3347 1057 3411 hane
1079 3348 1264 3430 scripturam
1286 3345 1373 3411 exhi·

247 3449 337 3512 bent:
374 3468 478 3532 ‚quem
511 3450 658 3533 ignorare
679 3453 855 3513 nostrorum
876 3447 999 3531 putat‘?
1042 3446 1088 3512 cf.
1110 3447 1253 3513 Klotzius
1275 3445 1374 3530 praei.

246 3548 306 3615 vol.
329 3548 360 3614 ll
381 3570 411 3634 p.
425 3549 519 3631 XXI;
543 3549 663 3615 Lorenz
685 3551 727 3615 ad
743 3549 876 3614 Mostell.
897 3548 973 3626 2703
996 3549 1105 3631 Reisig
1126 3552 1155 3629 ξ.
1171 3547 1241 3630 122,
1264 3567 1294 3631 p.
1304 3547 1373 3613 188.

247 3649 390 3715 Halmius
411 3656 516 3717 tamen
538 3651 686 3735 praetulit
707 3650 872 3715 lectionem
894 3644 1034 3712 uestrum
1062 3655 1093 3714 et
1113 3649 1215 3733 ipsam
1236 3652 1375 3712 veterum

248 3751 367 3834 aliquot
388 3752 557 3817 editionum
579 3752 764 3818 testimoniis
787 3749 1043 3816 commendatam.

330 3855 359 3933 ξ.
382 3853 411 3920 9.
454 3853 688 3939 Pronomina
711 3849 1032 3917 demonstrativa.
1069 3848 1156 3913 Nihil
1177 3849 1376 3913 tribuendum

248 3954 441 4038 pronominis
463 3952 584 4018 formae
605 3958 664 4018 ste
686 3972 743 4038 pro
764 3952 841 4017 iste
862 3952 894 4015 in
916 3950 1005 4014 Verr.
1028 3950 1043 4012 I
1066 3949 1140 4031 123,
1174 3969 1269 4032 quam
1291 3948 1376 4013 Vati·

249 4074 346 4120 canus
367 4054 498 4138 praebet
520 4055 670 4137 cuiusque
698 4053 905 4137 patrocinium
925 4050 1145 4116 Lachmannus
1173 4049 1312 4134 suscepit
1345 4048 1376 4112 in

250 4156 387 4220 editione
408 4173 466 4219 sua
490 4155 625 4220 Lucretii
646 4154 688 4219 ad
709 4153 729 4218 l.
751 4154 801 4218 III
820 4173 849 4217 v.
872 4153 943 4220 954.

333 4256 500 4338 Singulare
516 4261 574 4336 est,
597 4254 680 4337 quod
703 4254 736 4319 in
757 4254 901 4319 omnibus
924 4251 1085 4318 codicibus
1107 4252 1222 4336 legitur
1235 4247 1376 4316 Venuli

225 4343 229 4349 ’
250 4358 270 4426 3
292 4357 453 4441 ipsimet
484 4356 618 4422 nobis:
650 4357 683 4419 in
704 4373 739 4419 re
760 4353 856 4418 simili
879 4354 960 4418 enim
983 4352 1093 4418 (licere
1115 4357 1295 4418 constanter
1315 4352 1376 4416 vim

251 4458 469 4545 pronominum
490 4457 703 4543 personalium
724 4453 837 4522 suffixo
857 4461 919 4520 met
941 4453 1062 4520 extulit.
