<?xml version="1.0" encoding="UTF-8"?>
<!DOCTYPE html PUBLIC "-//W3C//DTD XHTML 1.0 Transitional//EN"
    "http://www.w3.org/TR/xhtml1/DTD/xhtml1-transitional.dtd">
<html xmlns="http://www.w3.org/1999/xhtml" xml:lang="en" lang="en">
 <head>
  <title>
</title>
<meta http-equiv="Content-Type" content="text/html;charset=utf-8" />
  <meta name='ocr-system' content='tesseract 3.04.00' />
  <meta name='ocr-capabilities' content='ocr_page ocr_carea ocr_par ocr_line ocrx_word'/>
</head>
<body>
  <div class='ocr_page' id='page_1' title='image "./desermonispropr00hellgoog_0034.png"; bbox 0 0 2880 5040; ppageno 0'>
   <div class='ocr_carea' id='block_1_1' title="bbox 405 398 1205 466">
    <p class='ocr_par' dir='ltr' id='par_1_1' title="bbox 405 398 1205 466">
     <span class='ocr_line' id='line_1_1' title="bbox 405 398 1205 466; baseline 0.006 -12"><span class='ocrx_word' id='word_1_1' title='bbox 405 398 530 454; x_wconf 89' lang='lat' dir='ltr'>Priorum</span> <span class='ocrx_word' id='word_1_2' title='bbox 549 399 607 455; x_wconf 82' lang='lat' dir='ltr'>Cic.</span> <span class='ocrx_word' id='word_1_3' title='bbox 627 399 782 456; x_wconf 89' lang='lat' dir='ltr'>orationum</span> <span class='ocrx_word' id='word_1_4' title='bbox 801 416 899 458; x_wconf 90' lang='lat' dir='ltr'>sermo.</span> <span class='ocrx_word' id='word_1_5' title='bbox 1164 398 1205 466; x_wconf 78' lang='grc'>29</span> 
     </span>
    </p>
   </div>
   <div class='ocr_carea' id='block_1_2' title="bbox 58 565 1203 3454">
    <p class='ocr_par' dir='ltr' id='par_1_2' title="bbox 69 565 1203 954">
     <span class='ocr_line' id='line_1_2' title="bbox 72 565 1203 654; baseline 0.003 -23"><span class='ocrx_word' id='word_1_6' title='bbox 72 565 149 631; x_wconf 82' lang='lat' dir='ltr'>Sex.</span> <span class='ocrx_word' id='word_1_7' title='bbox 171 566 275 633; x_wconf 89' lang='lat' dir='ltr'>Roscii</span> <span class='ocrx_word' id='word_1_8' title='bbox 291 567 331 633; x_wconf 90' lang='lat' dir='ltr'>de</span> <span class='ocrx_word' id='word_1_9' title='bbox 348 568 464 633; x_wconf 90' lang='lat' dir='ltr'>tabulis</span> <span class='ocrx_word' id='word_1_10' title='bbox 488 576 705 654; x_wconf 87' lang='lat' dir='ltr'>exempturum</span> <span class='ocrx_word' id='word_1_11' title='bbox 727 575 759 636; x_wconf 91' lang='lat' dir='ltr'>et</span> <span class='ocrx_word' id='word_1_12' title='bbox 779 569 912 654; x_wconf 89' lang='lat' dir='ltr'>praedia</span> <span class='ocrx_word' id='word_1_13' title='bbox 932 588 1033 633; x_wconf 83' lang='lat' dir='ltr'>vacua</span> <span class='ocrx_word' id='word_1_14' title='bbox 1054 568 1119 634; x_wconf 92' lang='lat' dir='ltr'>filio</span> <span class='ocrx_word' id='word_1_15' title='bbox 1140 575 1203 634; x_wconf 90' lang='lat' dir='ltr'>tra-</span> 
     </span>
     <span class='ocr_line' id='line_1_3' title="bbox 70 668 1203 752; baseline 0.002 -21"><span class='ocrx_word' id='word_1_16' title='bbox 70 668 209 732; x_wconf 90' lang='lat' dir='ltr'>diturum</span> <span class='ocrx_word' id='word_1_17' title='bbox 241 687 322 734; x_wconf 90' lang='lat' dir='ltr'>esse.</span> <span class='ocrx_word' id='word_1_18' title='bbox 368 669 460 734; x_wconf 81' lang='lat' dir='ltr'>Certe</span> <span class='ocrx_word' id='word_1_19' title='bbox 489 670 520 734; x_wconf 92' lang='lat' dir='ltr'>in</span> <span class='ocrx_word' id='word_1_20' title='bbox 549 670 609 735; x_wconf 91' lang='lat' dir='ltr'>hoc</span> <span class='ocrx_word' id='word_1_21' title='bbox 637 689 761 752; x_wconf 92' lang='lat' dir='ltr'>quoque</span> <span class='ocrx_word' id='word_1_22' title='bbox 790 671 886 735; x_wconf 89' lang='lat' dir='ltr'>verbo</span> <span class='ocrx_word' id='word_1_23' title='bbox 917 676 1010 735; x_wconf 89' lang='lat' dir='ltr'>aucta</span> <span class='ocrx_word' id='word_1_24' title='bbox 1041 669 1090 733; x_wconf 86' lang='lat' dir='ltr'>vis</span> <span class='ocrx_word' id='word_1_25' title='bbox 1118 668 1203 733; x_wconf 90' lang='lat' dir='ltr'>affir-</span> 
     </span>
     <span class='ocr_line' id='line_1_4' title="bbox 70 768 1202 837; baseline 0.003 -5"><span class='ocrx_word' id='word_1_26' title='bbox 70 768 180 834; x_wconf 90' lang='lat' dir='ltr'>mandi</span> <span class='ocrx_word' id='word_1_27' title='bbox 202 769 288 833; x_wconf 90' lang='lat' dir='ltr'>latet.</span> <span class='ocrx_word' id='word_1_28' title='bbox 314 808 350 816; x_wconf 93' lang='lat'>—</span> <span class='ocrx_word' id='word_1_29' title='bbox 393 771 443 834; x_wconf 83' lang='lat' dir='ltr'>llx</span> <span class='ocrx_word' id='word_1_30' title='bbox 463 771 483 837; x_wconf 87' lang='lat' dir='ltr'>l.</span> <span class='ocrx_word' id='word_1_31' title='bbox 508 769 549 836; x_wconf 90' lang='lat' dir='ltr'>de</span> <span class='ocrx_word' id='word_1_32' title='bbox 570 772 636 837; x_wconf 89' lang='lat' dir='ltr'>lnv.</span> <span class='ocrx_word' id='word_1_33' title='bbox 661 771 722 836; x_wconf 93' lang='lat' dir='ltr'>buc</span> <span class='ocrx_word' id='word_1_34' title='bbox 742 771 942 837; x_wconf 91' lang='lat' dir='ltr'>referendum</span> <span class='ocrx_word' id='word_1_35' title='bbox 965 776 1013 835; x_wconf 92' lang='lat' dir='ltr'>est</span> <span class='ocrx_word' id='word_1_36' title='bbox 1034 790 1063 835; x_wconf 85' lang='lat' dir='ltr'>v.</span> <span class='ocrx_word' id='word_1_37' title='bbox 1086 789 1202 835; x_wconf 90' lang='lat' dir='ltr'>aceu-</span> 
     </span>
     <span class='ocr_line' id='line_1_5' title="bbox 69 870 417 954; baseline 0.011 -21"><span class='ocrx_word' id='word_1_38' title='bbox 69 889 163 935; x_wconf 89' lang='lat' dir='ltr'>rare</span> <span class='ocrx_word' id='word_1_39' title='bbox 187 870 292 954; x_wconf 83' lang='lat'>(134,</span> <span class='ocrx_word' id='word_1_40' title='bbox 314 871 381 954; x_wconf 75' lang='lat'>58).</span> <span class='ocrx_word' id='word_1_41' title='bbox 411 894 417 937; x_wconf 87' lang='lat' dir='ltr'>r</span> 
     </span>
    </p>

    <p class='ocr_par' dir='ltr' id='par_1_3' title="bbox 64 970 1202 2264">
     <span class='ocr_line' id='line_1_6' title="bbox 155 970 1202 1052; baseline 0.001 -16"><span class='ocrx_word' id='word_1_42' title='bbox 155 973 184 1052; x_wconf 68' lang='grc' dir='ltr'>ξ.</span> <span class='ocrx_word' id='word_1_43' title='bbox 207 970 257 1037; x_wconf 88' lang='grc'>36.</span> <span class='ocrx_word' id='word_1_44' title='bbox 307 970 672 1052; x_wconf 72' lang='lat' dir='ltr'>commonefacere,</span> <span class='ocrx_word' id='word_1_45' title='bbox 707 971 933 1037; x_wconf 81' lang='lat' dir='ltr'>ludificare.</span> <span class='ocrx_word' id='word_1_46' title='bbox 982 970 1138 1047; x_wconf 78' lang='lat' dir='ltr'><strong>Quoniam</strong></span> <span class='ocrx_word' id='word_1_47' title='bbox 1170 971 1202 1037; x_wconf 89' lang='lat' dir='ltr'>in</span> 
     </span>
     <span class='ocr_line' id='line_1_7' title="bbox 70 1071 1201 1155; baseline 0.001 -19"><span class='ocrx_word' id='word_1_48' title='bbox 70 1071 204 1136; x_wconf 84' lang='lat' dir='ltr'>exordio</span> <span class='ocrx_word' id='word_1_49' title='bbox 227 1071 317 1135; x_wconf 92' lang='lat' dir='ltr'>buius</span> <span class='ocrx_word' id='word_1_50' title='bbox 340 1073 452 1155; x_wconf 89' lang='lat' dir='ltr'>capitis</span> <span class='ocrx_word' id='word_1_51' title='bbox 479 1072 572 1137; x_wconf 91' lang='lat' dir='ltr'>docui</span> <span class='ocrx_word' id='word_1_52' title='bbox 600 1073 698 1137; x_wconf 91' lang='lat' dir='ltr'>multa</span> <span class='ocrx_word' id='word_1_53' title='bbox 725 1073 821 1137; x_wconf 88' lang='lat' dir='ltr'>verba</span> <span class='ocrx_word' id='word_1_54' title='bbox 854 1073 1028 1154; x_wconf 88' lang='lat' dir='ltr'>composita</span> <span class='ocrx_word' id='word_1_55' title='bbox 1049 1091 1090 1136; x_wconf 87' lang='lat' dir='ltr'>ex</span> <span class='ocrx_word' id='word_1_56' title='bbox 1112 1091 1201 1155; x_wconf 88' lang='lat' dir='ltr'>prae·</span> 
     </span>
     <span class='ocr_line' id='line_1_8' title="bbox 69 1171 1201 1257; baseline 0.003 -21"><span class='ocrx_word' id='word_1_57' title='bbox 69 1171 279 1256; x_wconf 80' lang='lat' dir='ltr'>positionibus</span> <span class='ocrx_word' id='word_1_58' title='bbox 302 1173 354 1252; x_wconf 85' lang='lat' dir='ltr'>de,</span> <span class='ocrx_word' id='word_1_59' title='bbox 376 1194 459 1253; x_wconf 84' lang='lat' dir='ltr'>eum,</span> <span class='ocrx_word' id='word_1_60' title='bbox 479 1173 523 1237; x_wconf 88' lang='lat' dir='ltr'>od</span> <span class='ocrx_word' id='word_1_61' title='bbox 544 1179 602 1238; x_wconf 90' lang='lat' dir='ltr'>etc.</span> <span class='ocrx_word' id='word_1_62' title='bbox 635 1172 831 1238; x_wconf 89' lang='lat' dir='ltr'>conformata</span> <span class='ocrx_word' id='word_1_63' title='bbox 858 1173 997 1237; x_wconf 78' lang='lat' dir='ltr'>maxime</span> <span class='ocrx_word' id='word_1_64' title='bbox 1029 1173 1071 1237; x_wconf 91' lang='lat' dir='ltr'>ad</span> <span class='ocrx_word' id='word_1_65' title='bbox 1100 1192 1201 1257; x_wconf 85' lang='lat' dir='ltr'>genus</span> 
     </span>
     <span class='ocr_line' id='line_1_9' title="bbox 69 1272 1200 1356; baseline 0 -18"><span class='ocrx_word' id='word_1_66' title='bbox 69 1272 222 1338; x_wconf 90' lang='lat' dir='ltr'>cotidiani</span> <span class='ocrx_word' id='word_1_67' title='bbox 245 1275 398 1338; x_wconf 89' lang='lat' dir='ltr'>sermonis</span> <span class='ocrx_word' id='word_1_68' title='bbox 421 1281 575 1356; x_wconf 89' lang='lat' dir='ltr'>spectare,</span> <span class='ocrx_word' id='word_1_69' title='bbox 600 1293 639 1338; x_wconf 91' lang='lat' dir='ltr'>ea</span> <span class='ocrx_word' id='word_1_70' title='bbox 659 1276 767 1355; x_wconf 82' lang='lat' dir='ltr'>verba,</span> <span class='ocrx_word' id='word_1_71' title='bbox 791 1293 872 1355; x_wconf 91' lang='lat' dir='ltr'>quae</span> <span class='ocrx_word' id='word_1_72' title='bbox 888 1280 920 1338; x_wconf 92' lang='lat' dir='ltr'>et</span> <span class='ocrx_word' id='word_1_73' title='bbox 937 1293 978 1338; x_wconf 87' lang='lat' dir='ltr'>ex</span> <span class='ocrx_word' id='word_1_74' title='bbox 1000 1275 1096 1339; x_wconf 90' lang='lat' dir='ltr'>verbo</span> <span class='ocrx_word' id='word_1_75' title='bbox 1117 1280 1200 1338; x_wconf 90' lang='lat' dir='ltr'>tran-</span> 
     </span>
     <span class='ocr_line' id='line_1_10' title="bbox 68 1373 1199 1459; baseline 0.003 -21"><span class='ocrx_word' id='word_1_76' title='bbox 68 1373 163 1438; x_wconf 86' lang='lat' dir='ltr'>sitivo</span> <span class='ocrx_word' id='word_1_77' title='bbox 186 1378 216 1439; x_wconf 91' lang='lat' dir='ltr'>et</span> <span class='ocrx_word' id='word_1_78' title='bbox 238 1392 278 1437; x_wconf 87' lang='lat' dir='ltr'>ex</span> <span class='ocrx_word' id='word_1_79' title='bbox 300 1394 329 1437; x_wconf 89' lang='lat' dir='ltr'>v.</span> <span class='ocrx_word' id='word_1_80' title='bbox 344 1373 459 1456; x_wconf 84' lang='lat' dir='ltr'>faeere</span> <span class='ocrx_word' id='word_1_81' title='bbox 480 1374 661 1439; x_wconf 88' lang='lat' dir='ltr'>consociata</span> <span class='ocrx_word' id='word_1_82' title='bbox 683 1382 770 1457; x_wconf 90' lang='lat' dir='ltr'>sunt,</span> <span class='ocrx_word' id='word_1_83' title='bbox 800 1376 903 1459; x_wconf 92' lang='lat' dir='ltr'>potius</span> <span class='ocrx_word' id='word_1_84' title='bbox 925 1375 1127 1440; x_wconf 92' lang='lat' dir='ltr'>vetustiorem</span> <span class='ocrx_word' id='word_1_85' title='bbox 1149 1395 1199 1441; x_wconf 90' lang='lat' dir='ltr'>oo-</span> 
     </span>
     <span class='ocr_line' id='line_1_11' title="bbox 67 1468 1199 1558; baseline 0.003 -20"><span class='ocrx_word' id='word_1_86' title='bbox 67 1475 169 1538; x_wconf 91' lang='lat' dir='ltr'>lorem</span> <span class='ocrx_word' id='word_1_87' title='bbox 190 1472 307 1538; x_wconf 90' lang='lat' dir='ltr'>ducere</span> <span class='ocrx_word' id='word_1_88' title='bbox 328 1474 482 1539; x_wconf 89' lang='lat' dir='ltr'>videntur.</span> <span class='ocrx_word' id='word_1_89' title='bbox 527 1468 596 1538; x_wconf 88' lang='lat' dir='ltr'>Hu&#39;e</span> <span class='ocrx_word' id='word_1_90' title='bbox 619 1474 787 1541; x_wconf 90' lang='lat' dir='ltr'>referenda</span> <span class='ocrx_word' id='word_1_91' title='bbox 818 1482 890 1540; x_wconf 93' lang='lat' dir='ltr'>sunt</span> <span class='ocrx_word' id='word_1_92' title='bbox 920 1496 968 1540; x_wconf 88' lang='lat' dir='ltr'>vv.</span> <span class='ocrx_word' id='word_1_93' title='bbox 1003 1475 1199 1558; x_wconf 88' lang='lat' dir='ltr'>,condocefa-</span> 
     </span>
     <span class='ocr_line' id='line_1_12' title="bbox 68 1574 1199 1658; baseline 0 -18"><span class='ocrx_word' id='word_1_94' title='bbox 68 1574 154 1640; x_wconf 88' lang='lat' dir='ltr'>oere‘</span> <span class='ocrx_word' id='word_1_95' title='bbox 176 1580 208 1639; x_wconf 90' lang='lat' dir='ltr'>et</span> <span class='ocrx_word' id='word_1_96' title='bbox 228 1575 504 1658; x_wconf 67' lang='lat' dir='ltr'>,perterrefaceret</span> <span class='ocrx_word' id='word_1_97' title='bbox 547 1575 658 1658; x_wconf 85' lang='lat' dir='ltr'>Neque</span> <span class='ocrx_word' id='word_1_98' title='bbox 682 1597 732 1641; x_wconf 94' lang='lat' dir='ltr'>me</span> <span class='ocrx_word' id='word_1_99' title='bbox 754 1595 860 1641; x_wconf 91' lang='lat' dir='ltr'>errare</span> <span class='ocrx_word' id='word_1_100' title='bbox 878 1577 1027 1657; x_wconf 87' lang='lat' dir='ltr'>arbitror,</span> <span class='ocrx_word' id='word_1_101' title='bbox 1055 1576 1082 1640; x_wconf 94' lang='lat' dir='ltr'>si</span> <span class='ocrx_word' id='word_1_102' title='bbox 1104 1577 1199 1642; x_wconf 91' lang='lat' dir='ltr'>etiam</span> 
     </span>
     <span class='ocr_line' id='line_1_13' title="bbox 67 1675 1198 1759; baseline 0.003 -20"><span class='ocrx_word' id='word_1_103' title='bbox 67 1695 99 1739; x_wconf 90' lang='lat' dir='ltr'>v.</span> <span class='ocrx_word' id='word_1_104' title='bbox 123 1675 480 1757; x_wconf 89' lang='lat' dir='ltr'>,commonefacere‘</span> <span class='ocrx_word' id='word_1_105' title='bbox 502 1676 544 1740; x_wconf 91' lang='lat' dir='ltr'>ad</span> <span class='ocrx_word' id='word_1_106' title='bbox 565 1676 625 1741; x_wconf 90' lang='lat' dir='ltr'>boc</span> <span class='ocrx_word' id='word_1_107' title='bbox 646 1696 746 1759; x_wconf 86' lang='lat' dir='ltr'>genus</span> <span class='ocrx_word' id='word_1_108' title='bbox 769 1696 894 1742; x_wconf 86' lang='lat' dir='ltr'>revoco.</span> <span class='ocrx_word' id='word_1_109' title='bbox 938 1677 1048 1759; x_wconf 90' lang='lat' dir='ltr'>ltaque</span> <span class='ocrx_word' id='word_1_110' title='bbox 1071 1697 1091 1740; x_wconf 97' lang='lat' dir='ltr'>a</span> <span class='ocrx_word' id='word_1_111' title='bbox 1111 1677 1198 1742; x_wconf 84' lang='lat' dir='ltr'>Cice·</span> 
     </span>
     <span class='ocr_line' id='line_1_14' title="bbox 65 1775 1200 1859; baseline 0.002 -19"><span class='ocrx_word' id='word_1_112' title='bbox 65 1794 146 1841; x_wconf 91' lang='lat' dir='ltr'>rone</span> <span class='ocrx_word' id='word_1_113' title='bbox 166 1795 237 1840; x_wconf 91' lang='lat' dir='ltr'>raro</span> <span class='ocrx_word' id='word_1_114' title='bbox 259 1775 336 1840; x_wconf 91' lang='lat' dir='ltr'>illud</span> <span class='ocrx_word' id='word_1_115' title='bbox 359 1775 533 1840; x_wconf 87' lang='lat' dir='ltr'>adhibitum</span> <span class='ocrx_word' id='word_1_116' title='bbox 556 1783 613 1859; x_wconf 91' lang='lat' dir='ltr'>est,</span> <span class='ocrx_word' id='word_1_117' title='bbox 636 1785 667 1842; x_wconf 95' lang='lat' dir='ltr'>et</span> <span class='ocrx_word' id='word_1_118' title='bbox 688 1778 758 1858; x_wconf 93' lang='lat' dir='ltr'>loci,</span> <span class='ocrx_word' id='word_1_119' title='bbox 781 1779 812 1841; x_wconf 92' lang='lat' dir='ltr'>in</span> <span class='ocrx_word' id='word_1_120' title='bbox 835 1777 947 1859; x_wconf 90' lang='lat' dir='ltr'>quibus</span> <span class='ocrx_word' id='word_1_121' title='bbox 969 1783 1124 1859; x_wconf 91' lang='lat' dir='ltr'>versatur,</span> <span class='ocrx_word' id='word_1_122' title='bbox 1146 1784 1200 1843; x_wconf 90' lang='lat' dir='ltr'>aut</span> 
     </span>
     <span class='ocr_line' id='line_1_15' title="bbox 65 1876 1200 1963; baseline 0.004 -23"><span class='ocrx_word' id='word_1_123' title='bbox 65 1877 100 1940; x_wconf 92' lang='lat' dir='ltr'>in</span> <span class='ocrx_word' id='word_1_124' title='bbox 122 1876 277 1960; x_wconf 86' lang='lat' dir='ltr'>prioribus</span> <span class='ocrx_word' id='word_1_125' title='bbox 300 1876 367 1940; x_wconf 91' lang='lat' dir='ltr'>eius</span> <span class='ocrx_word' id='word_1_126' title='bbox 390 1877 583 1943; x_wconf 88' lang='lat' dir='ltr'>orationibus</span> <span class='ocrx_word' id='word_1_127' title='bbox 605 1880 711 1944; x_wconf 91' lang='lat' dir='ltr'>autin</span> <span class='ocrx_word' id='word_1_128' title='bbox 735 1879 877 1963; x_wconf 85' lang='lat' dir='ltr'>epistulis</span> <span class='ocrx_word' id='word_1_129' title='bbox 898 1879 1053 1962; x_wconf 86' lang='lat' dir='ltr'>leguntur.</span> <span class='ocrx_word' id='word_1_130' title='bbox 1086 1877 1200 1944; x_wconf 80' lang='lat' dir='ltr'>Exstat</span> 
     </span>
     <span class='ocr_line' id='line_1_16' title="bbox 65 1975 1198 2068; baseline 0.003 -27"><span class='ocrx_word' id='word_1_131' title='bbox 65 1983 173 2041; x_wconf 90' lang='lat' dir='ltr'>autem</span> <span class='ocrx_word' id='word_1_132' title='bbox 196 1978 228 2041; x_wconf 91' lang='lat' dir='ltr'>in</span> <span class='ocrx_word' id='word_1_133' title='bbox 250 1978 340 2068; x_wconf 89' lang='lat' dir='ltr'>Verr.</span> <span class='ocrx_word' id='word_1_134' title='bbox 363 1975 465 2046; x_wconf 83' lang='lat'>1141.</span> <span class='ocrx_word' id='word_1_135' title='bbox 488 1979 532 2042; x_wconf 91' lang='lat' dir='ltr'>IV</span> <span class='ocrx_word' id='word_1_136' title='bbox 555 1980 624 2044; x_wconf 85' lang='lat'>144.</span> <span class='ocrx_word' id='word_1_137' title='bbox 648 1981 674 2044; x_wconf 92' lang='lat' dir='ltr'>V</span> <span class='ocrx_word' id='word_1_138' title='bbox 695 1980 754 2046; x_wconf 79' lang='lat'>112</span> <span class='ocrx_word' id='word_1_139' title='bbox 781 1980 915 2064; x_wconf 82' lang='lat' dir='ltr'>(pass).</span> <span class='ocrx_word' id='word_1_140' title='bbox 958 1980 1008 2043; x_wconf 83' lang='lat' dir='ltr'>llx</span> <span class='ocrx_word' id='word_1_141' title='bbox 1030 1979 1100 2043; x_wconf 90' lang='lat' dir='ltr'>aliis</span> <span class='ocrx_word' id='word_1_142' title='bbox 1123 1998 1198 2044; x_wconf 90' lang='lat' dir='ltr'>vero</span> 
     </span>
     <span class='ocr_line' id='line_1_17' title="bbox 64 2077 1196 2164; baseline 0.001 -22"><span class='ocrx_word' id='word_1_143' title='bbox 64 2077 272 2161; x_wconf 77' lang='lat' dir='ltr'>scriptoribus</span> <span class='ocrx_word' id='word_1_144' title='bbox 295 2098 333 2143; x_wconf 92' lang='lat' dir='ltr'>eo</span> <span class='ocrx_word' id='word_1_145' title='bbox 355 2079 404 2143; x_wconf 94' lang='lat' dir='ltr'>usi</span> <span class='ocrx_word' id='word_1_146' title='bbox 426 2086 497 2143; x_wconf 92' lang='lat' dir='ltr'>sunt</span> <span class='ocrx_word' id='word_1_147' title='bbox 510 2078 650 2162; x_wconf 90' lang='lat' dir='ltr'>Plautus,</span> <span class='ocrx_word' id='word_1_148' title='bbox 674 2080 793 2145; x_wconf 81' lang='lat' dir='ltr'>Caesar</span> <span class='ocrx_word' id='word_1_149' title='bbox 817 2081 865 2163; x_wconf 84' lang='lat' dir='ltr'>(b.</span> <span class='ocrx_word' id='word_1_150' title='bbox 886 2101 917 2164; x_wconf 87' lang='lat' dir='ltr'>g.</span> <span class='ocrx_word' id='word_1_151' title='bbox 940 2081 956 2143; x_wconf 96' lang='grc' dir='ltr'>Ι</span> <span class='ocrx_word' id='word_1_152' title='bbox 977 2080 1046 2164; x_wconf 84' lang='grc'>19),</span> <span class='ocrx_word' id='word_1_153' title='bbox 1070 2079 1196 2145; x_wconf 85' lang='lat' dir='ltr'>Sallust.</span> 
     </span>
     <span class='ocr_line' id='line_1_18' title="bbox 65 2168 701 2264; baseline 0.006 -20"><span class='ocrx_word' id='word_1_154' title='bbox 65 2179 153 2264; x_wconf 85' lang='lat' dir='ltr'>(lug.</span> <span class='ocrx_word' id='word_1_155' title='bbox 175 2179 248 2262; x_wconf 84' lang='grc'><strong>49),</strong></span> <span class='ocrx_word' id='word_1_156' title='bbox 270 2179 409 2246; x_wconf 83' lang='lat' dir='ltr'>Tacitus.</span> <span class='ocrx_word' id='word_1_157' title='bbox 695 2168 701 2176; x_wconf 49' lang='lat'><strong><em>⁴</em></strong></span> 
     </span>
    </p>

    <p class='ocr_par' dir='ltr' id='par_1_4' title="bbox 61 2278 1197 2764">
     <span class='ocr_line' id='line_1_19' title="bbox 150 2278 1197 2367; baseline 0.001 -23"><span class='ocrx_word' id='word_1_158' title='bbox 150 2280 312 2345; x_wconf 83' lang='lat' dir='ltr'>Eiusmodi</span> <span class='ocrx_word' id='word_1_159' title='bbox 341 2278 547 2367; x_wconf 85' lang='lat' dir='ltr'>compositum</span> <span class='ocrx_word' id='word_1_160' title='bbox 581 2281 675 2345; x_wconf 89' lang='lat' dir='ltr'>etiam</span> <span class='ocrx_word' id='word_1_161' title='bbox 709 2300 726 2346; x_wconf 94' lang='lat' dir='ltr'>e</span> <span class='ocrx_word' id='word_1_162' title='bbox 756 2279 982 2365; x_wconf 89' lang='lat' dir='ltr'>posterioribus</span> <span class='ocrx_word' id='word_1_163' title='bbox 1004 2280 1197 2345; x_wconf 88' lang='lat' dir='ltr'>orationibus</span> 
     </span>
     <span class='ocr_line' id='line_1_20' title="bbox 63 2380 1197 2465; baseline 0.001 -20"><span class='ocrx_word' id='word_1_164' title='bbox 63 2381 236 2464; x_wconf 91' lang='lat' dir='ltr'>petendum</span> <span class='ocrx_word' id='word_1_165' title='bbox 272 2387 328 2446; x_wconf 90' lang='lat' dir='ltr'>est.</span> <span class='ocrx_word' id='word_1_166' title='bbox 372 2382 408 2445; x_wconf 92' lang='lat' dir='ltr'>ln</span> <span class='ocrx_word' id='word_1_167' title='bbox 437 2401 481 2446; x_wconf 90' lang='lat' dir='ltr'>or.</span> <span class='ocrx_word' id='word_1_168' title='bbox 504 2381 586 2445; x_wconf 91' lang='lat' dir='ltr'>enirn</span> <span class='ocrx_word' id='word_1_169' title='bbox 609 2402 637 2465; x_wconf 93' lang='lat' dir='ltr'>p.</span> <span class='ocrx_word' id='word_1_170' title='bbox 661 2382 766 2447; x_wconf 88' lang='lat' dir='ltr'>Plane.</span> <span class='ocrx_word' id='word_1_171' title='bbox 788 2382 828 2447; x_wconf 78' lang='lat'>85</span> <span class='ocrx_word' id='word_1_172' title='bbox 856 2380 1028 2445; x_wconf 79' lang='lat' dir='ltr'>scholiasta</span> <span class='ocrx_word' id='word_1_173' title='bbox 1049 2380 1197 2446; x_wconf 90' lang='lat' dir='ltr'>Bobieusi</span> 
     </span>
     <span class='ocr_line' id='line_1_21' title="bbox 62 2481 1195 2565; baseline 0 -19"><span class='ocrx_word' id='word_1_174' title='bbox 62 2487 195 2546; x_wconf 89' lang='lat' dir='ltr'>auctore</span> <span class='ocrx_word' id='word_1_175' title='bbox 217 2481 349 2565; x_wconf 85' lang='lat' dir='ltr'>legitur:</span> <span class='ocrx_word' id='word_1_176' title='bbox 384 2482 723 2564; x_wconf 68' lang='lat' dir='ltr'>admonefecisti,</span> <span class='ocrx_word' id='word_1_177' title='bbox 756 2501 827 2547; x_wconf 90' lang='lat' dir='ltr'>cum</span> <span class='ocrx_word' id='word_1_178' title='bbox 859 2483 955 2546; x_wconf 93' lang='lat' dir='ltr'>ceteri</span> <span class='ocrx_word' id='word_1_179' title='bbox 977 2481 1068 2546; x_wconf 91' lang='lat' dir='ltr'>codd.</span> <span class='ocrx_word' id='word_1_180' title='bbox 1088 2481 1195 2546; x_wconf 92' lang='lat' dir='ltr'>lectio-</span> 
     </span>
     <span class='ocr_line' id='line_1_22' title="bbox 62 2580 1196 2666; baseline 0.001 -19"><span class='ocrx_word' id='word_1_181' title='bbox 62 2600 138 2647; x_wconf 89' lang='lat' dir='ltr'>nem</span> <span class='ocrx_word' id='word_1_182' title='bbox 157 2581 371 2659; x_wconf 77' lang='lat' dir='ltr'>‚admonuisti‘</span> <span class='ocrx_word' id='word_1_183' title='bbox 399 2583 582 2666; x_wconf 89' lang='lat' dir='ltr'>praebeant.</span> <span class='ocrx_word' id='word_1_184' title='bbox 625 2583 780 2647; x_wconf 88' lang='lat' dir='ltr'>Nimirum</span> <span class='ocrx_word' id='word_1_185' title='bbox 808 2582 928 2646; x_wconf 88' lang='lat' dir='ltr'>librarii</span> <span class='ocrx_word' id='word_1_186' title='bbox 950 2583 1028 2647; x_wconf 92' lang='lat' dir='ltr'>illud</span> <span class='ocrx_word' id='word_1_187' title='bbox 1050 2580 1108 2649; x_wconf 79' lang='lat' dir='ltr'>dre.</span> <span class='ocrx_word' id='word_1_188' title='bbox 1132 2585 1196 2665; x_wconf 78' lang='lat' dir='ltr'>lay.</span> 
     </span>
     <span class='ocr_line' id='line_1_23' title="bbox 61 2681 1096 2764; baseline 0.001 -18"><span class='ocrx_word' id='word_1_189' title='bbox 61 2681 308 2749; x_wconf 80' lang='lat' dir='ltr'>reformidantes</span> <span class='ocrx_word' id='word_1_190' title='bbox 330 2683 557 2748; x_wconf 89' lang='lat' dir='ltr'>substituerunt</span> <span class='ocrx_word' id='word_1_191' title='bbox 577 2684 774 2749; x_wconf 89' lang='lat' dir='ltr'>notissimum</span> <span class='ocrx_word' id='word_1_192' title='bbox 797 2704 826 2747; x_wconf 89' lang='lat' dir='ltr'>v.</span> <span class='ocrx_word' id='word_1_193' title='bbox 849 2683 1070 2764; x_wconf 72' lang='lat' dir='ltr'>,admonuistit</span> <span class='ocrx_word' id='word_1_194' title='bbox 1093 2726 1096 2730; x_wconf 31' lang='grc' dir='ltr'><em>ι</em></span> 
     </span>
    </p>

    <p class='ocr_par' dir='ltr' id='par_1_5' title="bbox 58 2782 1195 3454">
     <span class='ocr_line' id='line_1_24' title="bbox 147 2782 1195 2867; baseline 0 -20"><span class='ocrx_word' id='word_1_195' title='bbox 147 2782 268 2848; x_wconf 82' lang='lat' dir='ltr'>Eodem</span> <span class='ocrx_word' id='word_1_196' title='bbox 290 2784 426 2866; x_wconf 88' lang='lat' dir='ltr'>pertinet</span> <span class='ocrx_word' id='word_1_197' title='bbox 446 2784 690 2867; x_wconf 84' lang='lat' dir='ltr'>ludificare,</span> <span class='ocrx_word' id='word_1_198' title='bbox 726 2784 810 2866; x_wconf 91' lang='lat' dir='ltr'>quod</span> <span class='ocrx_word' id='word_1_199' title='bbox 831 2805 872 2850; x_wconf 84' lang='lat' dir='ltr'>ex</span> <span class='ocrx_word' id='word_1_200' title='bbox 894 2785 1090 2850; x_wconf 88' lang='lat' dir='ltr'>substantivo</span> <span class='ocrx_word' id='word_1_201' title='bbox 1113 2789 1144 2848; x_wconf 89' lang='lat' dir='ltr'>et</span> <span class='ocrx_word' id='word_1_202' title='bbox 1165 2804 1195 2847; x_wconf 87' lang='lat' dir='ltr'>v.</span> 
     </span>
     <span class='ocr_line' id='line_1_25' title="bbox 60 2883 1195 2970; baseline 0.001 -23"><span class='ocrx_word' id='word_1_203' title='bbox 60 2883 193 2966; x_wconf 82' lang='lat' dir='ltr'>,facere‘</span> <span class='ocrx_word' id='word_1_204' title='bbox 214 2885 421 2966; x_wconf 89' lang='lat' dir='ltr'>compositum</span> <span class='ocrx_word' id='word_1_205' title='bbox 445 2891 506 2966; x_wconf 91' lang='lat' dir='ltr'>est,</span> <span class='ocrx_word' id='word_1_206' title='bbox 544 2907 574 2970; x_wconf 90' lang='lat' dir='ltr'>p.</span> <span class='ocrx_word' id='word_1_207' title='bbox 599 2885 722 2961; x_wconf 76' lang='lat' dir='ltr'>Quinct.</span> <span class='ocrx_word' id='word_1_208' title='bbox 745 2885 794 2951; x_wconf 82' lang='lat'>54.</span> <span class='ocrx_word' id='word_1_209' title='bbox 838 2886 959 2950; x_wconf 82' lang='lat' dir='ltr'>lladem</span> <span class='ocrx_word' id='word_1_210' title='bbox 991 2885 1092 2951; x_wconf 90' lang='lat' dir='ltr'>forma</span> <span class='ocrx_word' id='word_1_211' title='bbox 1126 2904 1195 2969; x_wconf 91' lang='lat' dir='ltr'>per-</span> 
     </span>
     <span class='ocr_line' id='line_1_26' title="bbox 59 2985 1195 3070; baseline 0 -21"><span class='ocrx_word' id='word_1_212' title='bbox 59 3003 163 3068; x_wconf 91' lang='lat' dir='ltr'>saepe</span> <span class='ocrx_word' id='word_1_213' title='bbox 189 2985 304 3066; x_wconf 81' lang='lat' dir='ltr'>legitur</span> <span class='ocrx_word' id='word_1_214' title='bbox 325 2985 410 3070; x_wconf 89' lang='lat' dir='ltr'>apud</span> <span class='ocrx_word' id='word_1_215' title='bbox 430 2986 594 3067; x_wconf 90' lang='lat' dir='ltr'>Plautum,</span> <span class='ocrx_word' id='word_1_216' title='bbox 621 2985 659 3050; x_wconf 88' lang='lat' dir='ltr'>cf.</span> <span class='ocrx_word' id='word_1_217' title='bbox 681 2986 771 3051; x_wconf 92' lang='lat' dir='ltr'>Neue</span> <span class='ocrx_word' id='word_1_218' title='bbox 794 2986 976 3069; x_wconf 78' lang='lat' dir='ltr'>11294sq.</span> <span class='ocrx_word' id='word_1_219' title='bbox 1020 2986 1143 3050; x_wconf 92' lang='lat' dir='ltr'>Deinde</span> <span class='ocrx_word' id='word_1_220' title='bbox 1165 3006 1195 3050; x_wconf 84' lang='lat' dir='ltr'>v.</span> 
     </span>
     <span class='ocr_line' id='line_1_27' title="bbox 60 3085 1193 3171; baseline -0.001 -21"><span class='ocrx_word' id='word_1_221' title='bbox 60 3085 225 3168; x_wconf 89' lang='lat' dir='ltr'>deponens</span> <span class='ocrx_word' id='word_1_222' title='bbox 246 3086 460 3151; x_wconf 89' lang='lat' dir='ltr'>ludificari</span> <span class='ocrx_word' id='word_1_223' title='bbox 483 3087 702 3171; x_wconf 87' lang='lat' dir='ltr'>suppeditatur</span> <span class='ocrx_word' id='word_1_224' title='bbox 725 3108 755 3171; x_wconf 90' lang='lat' dir='ltr'>p.</span> <span class='ocrx_word' id='word_1_225' title='bbox 779 3088 871 3152; x_wconf 90' lang='lat' dir='ltr'>Rosc.</span> <span class='ocrx_word' id='word_1_226' title='bbox 894 3087 931 3151; x_wconf 87' lang='lat' dir='ltr'>A.</span> <span class='ocrx_word' id='word_1_227' title='bbox 955 3087 1012 3167; x_wconf 79' lang='lat'>553</span> <span class='ocrx_word' id='word_1_228' title='bbox 1039 3085 1098 3151; x_wconf 88' lang='lat' dir='ltr'>sed</span> <span class='ocrx_word' id='word_1_229' title='bbox 1119 3105 1193 3150; x_wconf 93' lang='lat' dir='ltr'>neu·</span> 
     </span>
     <span class='ocr_line' id='line_1_28' title="bbox 58 3185 1194 3272; baseline 0.001 -21"><span class='ocrx_word' id='word_1_230' title='bbox 58 3191 144 3251; x_wconf 90' lang='lat' dir='ltr'>trum</span> <span class='ocrx_word' id='word_1_231' title='bbox 165 3187 296 3252; x_wconf 87' lang='lat' dir='ltr'>verbum</span> <span class='ocrx_word' id='word_1_232' title='bbox 318 3187 394 3252; x_wconf 90' lang='lat' dir='ltr'>alibi</span> <span class='ocrx_word' id='word_1_233' title='bbox 416 3189 447 3251; x_wconf 91' lang='lat' dir='ltr'>in</span> <span class='ocrx_word' id='word_1_234' title='bbox 462 3188 527 3254; x_wconf 78' lang='lat' dir='ltr'>Oic.</span> <span class='ocrx_word' id='word_1_235' title='bbox 548 3187 636 3251; x_wconf 92' lang='lat' dir='ltr'>libris</span> <span class='ocrx_word' id='word_1_236' title='bbox 658 3187 781 3252; x_wconf 89' lang='lat' dir='ltr'>videtur</span> <span class='ocrx_word' id='word_1_237' title='bbox 797 3195 982 3272; x_wconf 87' lang='lat' dir='ltr'>usurpatum</span> <span class='ocrx_word' id='word_1_238' title='bbox 1006 3207 1086 3252; x_wconf 91' lang='lat' dir='ltr'>esse.</span> <span class='ocrx_word' id='word_1_239' title='bbox 1111 3185 1194 3262; x_wconf 79' lang='lat' dir='ltr'>Quo-</span> 
     </span>
     <span class='ocr_line' id='line_1_29' title="bbox 59 3287 1192 3371; baseline 0.001 -19"><span class='ocrx_word' id='word_1_240' title='bbox 59 3307 131 3353; x_wconf 91' lang='lat' dir='ltr'>rum</span> <span class='ocrx_word' id='word_1_241' title='bbox 164 3288 197 3351; x_wconf 93' lang='lat' dir='ltr'>in</span> <span class='ocrx_word' id='word_1_242' title='bbox 229 3287 332 3353; x_wconf 91' lang='lat' dir='ltr'>locum</span> <span class='ocrx_word' id='word_1_243' title='bbox 366 3288 525 3354; x_wconf 89' lang='lat' dir='ltr'>substituit</span> <span class='ocrx_word' id='word_1_244' title='bbox 558 3295 696 3371; x_wconf 84' lang='lat' dir='ltr'>cognata</span> <span class='ocrx_word' id='word_1_245' title='bbox 716 3309 783 3369; x_wconf 78' lang='lat' dir='ltr'>vu,</span> <span class='ocrx_word' id='word_1_246' title='bbox 817 3289 903 3354; x_wconf 87' lang='lat' dir='ltr'>velut</span> <span class='ocrx_word' id='word_1_247' title='bbox 932 3289 1092 3371; x_wconf 68' lang='lat' dir='ltr'>illudere,</span> <span class='ocrx_word' id='word_1_248' title='bbox 1124 3288 1192 3353; x_wconf 93' lang='lat' dir='ltr'>irri-</span> 
     </span>
     <span class='ocr_line' id='line_1_30' title="bbox 59 3388 229 3454; baseline 0 0"><span class='ocrx_word' id='word_1_249' title='bbox 59 3388 149 3454; x_wconf 90' lang='lat' dir='ltr'>dere‘</span> <span class='ocrx_word' id='word_1_250' title='bbox 170 3393 229 3454; x_wconf 90' lang='lat' dir='ltr'>etc.</span> 
     </span>
    </p>
   </div>
   <div class='ocr_carea' id='block_1_3' title="bbox 447 3527 803 3829">
    <p class='ocr_par' dir='ltr' id='par_1_6' title="bbox 447 3527 803 3829">
     <span class='ocr_line' id='line_1_31' title="bbox 511 3527 739 3606; baseline 0.009 -22"><span class='ocrx_word' id='word_1_251' title='bbox 511 3527 536 3584; x_wconf 94' lang='lat' dir='ltr'>P</span> <span class='ocrx_word' id='word_1_252' title='bbox 560 3548 614 3586; x_wconf 89' lang='lat' dir='ltr'>ar</span> <span class='ocrx_word' id='word_1_253' title='bbox 636 3548 649 3585; x_wconf 92' lang='lat' dir='ltr'>s</span> <span class='ocrx_word' id='word_1_254' title='bbox 671 3527 739 3606; x_wconf 76' lang='grc' dir='ltr'>ΙΙΙ.</span> 
     </span>
     <span class='ocr_line' id='line_1_32' title="bbox 542 3644 709 3728; baseline -0.018 -19"><span class='ocrx_word' id='word_1_255' title='bbox 542 3644 709 3728; x_wconf 79' lang='lat' dir='ltr'>syntaxis.</span> 
     </span>
     <span class='ocr_line' id='line_1_33' title="bbox 447 3761 803 3829; baseline -0.006 0"><span class='ocrx_word' id='word_1_256' title='bbox 447 3763 473 3829; x_wconf 90' lang='lat'>1.</span> <span class='ocrx_word' id='word_1_257' title='bbox 516 3761 568 3828; x_wconf 86' lang='lat' dir='ltr'>De</span> <span class='ocrx_word' id='word_1_258' title='bbox 588 3762 803 3828; x_wconf 88' lang='lat' dir='ltr'>nominibus.</span> 
     </span>
    </p>
   </div>
   <div class='ocr_carea' id='block_1_4' title="bbox 52 3876 1188 4570">
    <p class='ocr_par' dir='ltr' id='par_1_7' title="bbox 52 3876 1188 4570">
     <span class='ocr_line' id='line_1_34' title="bbox 141 3876 1188 3956; baseline 0.001 -14"><span class='ocrx_word' id='word_1_259' title='bbox 141 3877 171 3956; x_wconf 65' lang='grc' dir='ltr'>ξ.</span> <span class='ocrx_word' id='word_1_260' title='bbox 194 3876 245 3943; x_wconf 80' lang='grc'>37.</span> <span class='ocrx_word' id='word_1_261' title='bbox 286 3877 342 3941; x_wconf 94' lang='lat' dir='ltr'>De</span> <span class='ocrx_word' id='word_1_262' title='bbox 370 3878 641 3944; x_wconf 88' lang='lat' dir='ltr'>substantivis</span> <span class='ocrx_word' id='word_1_263' title='bbox 668 3885 704 3944; x_wconf 91' lang='lat' dir='ltr'>et</span> <span class='ocrx_word' id='word_1_264' title='bbox 725 3878 954 3944; x_wconf 91' lang='lat' dir='ltr'>adiectivis.</span> <span class='ocrx_word' id='word_1_265' title='bbox 998 3880 1033 3943; x_wconf 92' lang='lat' dir='ltr'>In</span> <span class='ocrx_word' id='word_1_266' title='bbox 1055 3881 1115 3944; x_wconf 89' lang='lat' dir='ltr'>hoc</span> <span class='ocrx_word' id='word_1_267' title='bbox 1136 3898 1188 3943; x_wconf 91' lang='lat' dir='ltr'>ca-</span> 
     </span>
     <span class='ocr_line' id='line_1_35' title="bbox 56 3976 1188 4063; baseline 0.004 -23"><span class='ocrx_word' id='word_1_268' title='bbox 56 3977 124 4062; x_wconf 92' lang='lat' dir='ltr'>pite</span> <span class='ocrx_word' id='word_1_269' title='bbox 146 3976 225 4040; x_wconf 92' lang='lat' dir='ltr'>nihil</span> <span class='ocrx_word' id='word_1_270' title='bbox 247 3977 351 4042; x_wconf 85' lang='lat' dir='ltr'>afferri</span> <span class='ocrx_word' id='word_1_271' title='bbox 373 3984 493 4062; x_wconf 90' lang='lat' dir='ltr'>potest,</span> <span class='ocrx_word' id='word_1_272' title='bbox 531 3979 614 4062; x_wconf 92' lang='lat' dir='ltr'>quod</span> <span class='ocrx_word' id='word_1_273' title='bbox 647 3979 787 4063; x_wconf 92' lang='lat' dir='ltr'>pluribus</span> <span class='ocrx_word' id='word_1_274' title='bbox 816 3979 922 4045; x_wconf 88' lang='lat' dir='ltr'>verbis</span> <span class='ocrx_word' id='word_1_275' title='bbox 953 3998 1188 4063; x_wconf 85' lang='lat' dir='ltr'>persequamur.</span> 
     </span>
     <span class='ocr_line' id='line_1_36' title="bbox 56 4077 1187 4162; baseline 0.004 -20"><span class='ocrx_word' id='word_1_276' title='bbox 56 4077 204 4162; x_wconf 87' lang='lat' dir='ltr'>Namque</span> <span class='ocrx_word' id='word_1_277' title='bbox 226 4079 257 4143; x_wconf 92' lang='lat' dir='ltr'>in</span> <span class='ocrx_word' id='word_1_278' title='bbox 279 4078 544 4144; x_wconf 87' lang='lat' dir='ltr'>substantivorum</span> <span class='ocrx_word' id='word_1_279' title='bbox 565 4099 682 4162; x_wconf 82' lang='lat' dir='ltr'>genere</span> <span class='ocrx_word' id='word_1_280' title='bbox 705 4081 814 4146; x_wconf 80' lang='lat' dir='ltr'>Cicero</span> <span class='ocrx_word' id='word_1_281' title='bbox 840 4081 881 4145; x_wconf 91' lang='lat' dir='ltr'>ab</span> <span class='ocrx_word' id='word_1_282' title='bbox 911 4099 948 4144; x_wconf 95' lang='lat' dir='ltr'>eo</span> <span class='ocrx_word' id='word_1_283' title='bbox 971 4080 1097 4145; x_wconf 90' lang='lat' dir='ltr'>dicendi</span> <span class='ocrx_word' id='word_1_284' title='bbox 1120 4101 1187 4162; x_wconf 89' lang='lat' dir='ltr'>usu,</span> 
     </span>
     <span class='ocr_line' id='line_1_37' title="bbox 55 4179 1187 4265; baseline 0.004 -22"><span class='ocrx_word' id='word_1_285' title='bbox 55 4198 151 4264; x_wconf 91' lang='lat' dir='ltr'>quem</span> <span class='ocrx_word' id='word_1_286' title='bbox 173 4179 205 4242; x_wconf 92' lang='lat' dir='ltr'>in</span> <span class='ocrx_word' id='word_1_287' title='bbox 227 4180 383 4262; x_wconf 91' lang='lat' dir='ltr'>prioribus</span> <span class='ocrx_word' id='word_1_288' title='bbox 405 4181 598 4245; x_wconf 88' lang='lat' dir='ltr'>orationibus</span> <span class='ocrx_word' id='word_1_289' title='bbox 620 4181 827 4262; x_wconf 89' lang='lat' dir='ltr'>sequebatur,</span> <span class='ocrx_word' id='word_1_290' title='bbox 860 4186 972 4265; x_wconf 92' lang='lat' dir='ltr'>postea</span> <span class='ocrx_word' id='word_1_291' title='bbox 998 4202 1062 4246; x_wconf 91' lang='lat' dir='ltr'>non</span> <span class='ocrx_word' id='word_1_292' title='bbox 1084 4202 1187 4247; x_wconf 89' lang='lat' dir='ltr'>reces-</span> 
     </span>
     <span class='ocr_line' id='line_1_38' title="bbox 53 4279 1186 4365; baseline 0.001 -19"><span class='ocrx_word' id='word_1_293' title='bbox 53 4281 106 4346; x_wconf 91' lang='lat' dir='ltr'>sit.</span> <span class='ocrx_word' id='word_1_294' title='bbox 137 4279 250 4363; x_wconf 91' lang='lat' dir='ltr'>Neque</span> <span class='ocrx_word' id='word_1_295' title='bbox 270 4280 362 4346; x_wconf 87' lang='lat' dir='ltr'>aliter</span> <span class='ocrx_word' id='word_1_296' title='bbox 383 4300 433 4345; x_wconf 93' lang='lat' dir='ltr'>res</span> <span class='ocrx_word' id='word_1_297' title='bbox 456 4299 491 4345; x_wconf 92' lang='lat' dir='ltr'>se</span> <span class='ocrx_word' id='word_1_298' title='bbox 512 4281 618 4364; x_wconf 91' lang='lat' dir='ltr'>babet,</span> <span class='ocrx_word' id='word_1_299' title='bbox 641 4283 669 4347; x_wconf 89' lang='lat' dir='ltr'>si</span> <span class='ocrx_word' id='word_1_300' title='bbox 690 4283 846 4346; x_wconf 86' lang='lat' dir='ltr'>adiectiva</span> <span class='ocrx_word' id='word_1_301' title='bbox 867 4288 1056 4365; x_wconf 86' lang='lat' dir='ltr'>spectamus.</span> <span class='ocrx_word' id='word_1_302' title='bbox 1090 4283 1186 4359; x_wconf 80' lang='lat' dir='ltr'>ouid-</span> 
     </span>
     <span class='ocr_line' id='line_1_39' title="bbox 53 4379 1187 4465; baseline 0.004 -20"><span class='ocrx_word' id='word_1_303' title='bbox 53 4379 132 4465; x_wconf 91' lang='lat' dir='ltr'>quid</span> <span class='ocrx_word' id='word_1_304' title='bbox 165 4380 247 4445; x_wconf 93' lang='lat' dir='ltr'>enim</span> <span class='ocrx_word' id='word_1_305' title='bbox 282 4380 322 4446; x_wconf 91' lang='lat' dir='ltr'>de</span> <span class='ocrx_word' id='word_1_306' title='bbox 356 4400 462 4445; x_wconf 94' lang='lat' dir='ltr'>eorum</span> <span class='ocrx_word' id='word_1_307' title='bbox 495 4380 554 4447; x_wconf 88' lang='lat' dir='ltr'>&#39;usu</span> <span class='ocrx_word' id='word_1_308' title='bbox 584 4383 751 4447; x_wconf 90' lang='lat' dir='ltr'>dicendum</span> <span class='ocrx_word' id='word_1_309' title='bbox 782 4387 845 4460; x_wconf 89' lang='lat' dir='ltr'>est,</span> <span class='ocrx_word' id='word_1_310' title='bbox 880 4388 935 4447; x_wconf 91' lang='lat' dir='ltr'>aut</span> <span class='ocrx_word' id='word_1_311' title='bbox 966 4384 1008 4448; x_wconf 85' lang='lat' dir='ltr'>ad</span> <span class='ocrx_word' id='word_1_312' title='bbox 1031 4384 1187 4449; x_wconf 91' lang='lat' dir='ltr'>elementa</span> 
     </span>
     <span class='ocr_line' id='line_1_40' title="bbox 52 4480 919 4570; baseline 0.003 -22"><span class='ocrx_word' id='word_1_313' title='bbox 52 4480 282 4567; x_wconf 77' lang='lat' dir='ltr'>grammaticae</span> <span class='ocrx_word' id='word_1_314' title='bbox 303 4488 358 4549; x_wconf 90' lang='lat' dir='ltr'>aut</span> <span class='ocrx_word' id='word_1_315' title='bbox 379 4481 422 4548; x_wconf 87' lang='lat' dir='ltr'>ad</span> <span class='ocrx_word' id='word_1_316' title='bbox 443 4484 566 4567; x_wconf 87' lang='lat' dir='ltr'>copiam</span> <span class='ocrx_word' id='word_1_317' title='bbox 587 4484 754 4550; x_wconf 88' lang='lat' dir='ltr'>verborum</span> <span class='ocrx_word' id='word_1_318' title='bbox 776 4484 919 4570; x_wconf 89' lang='lat' dir='ltr'>pertinet.</span> 
     </span>
    </p>
   </div>
   <div class='ocr_carea' id='block_1_5' title="bbox 956 4603 1027 4711">
    <p class='ocr_par' dir='ltr' id='par_1_8' title="bbox 956 4603 1027 4711">
     <span class='ocr_line' id='line_1_41' title="bbox 956 4603 1027 4711; baseline 0 0"><span class='ocrx_word' id='word_1_319' title='bbox 956 4603 976 4673; x_wconf 69' lang='grc'>3</span> <span class='ocrx_word' id='word_1_320' title='bbox 1024 4707 1027 4711; x_wconf 90' lang='grc'><em>.</em></span> 
     </span>
    </p>
   </div>
   <div class='ocr_carea' id='block_1_6' title="bbox 0 0 1444 5040">
    <p class='ocr_par' dir='ltr' id='par_1_9' title="bbox 0 0 1444 5040">
     <span class='ocr_line' id='line_1_42' title="bbox 0 0 1444 5040; baseline 0 6"><span class='ocrx_word' id='word_1_321' title='bbox 0 0 1444 5040; x_wconf 95' lang='lat' dir='ltr'> </span> 
     </span>
    </p>
   </div>
  </div>
 </body>
</html>
