2880 5040
477 338 601 396 Priorum
621 339 676 397 (lio.
696 340 853 397 orationum
872 359 971 400 sermo.
1240 342 1281 411 39

151 528 249 592 quarn
271 509 428 575 maximas
449 508 652 575 aedificasset
665 516 870 594 ornassetque
884 512 1028 592 alasses‘3
1050 513 1203 598 imprimis
1221 513 1283 581 240

152 611 264 687 (Roso.
283 612 320 674 A.
337 610 423 693 127).
445 612 506 678 205
529 615 645 694 (praes.
668 611 739 677 hist.
761 616 790 693 ξ.
817 612 891 697 122)
914 633 983 695 sqq.
1005 614 1066 681 303
1089 614 1186 697 (infin.
1209 614 1281 678 hist.

150 714 186 794 §-
211 711 294 793 154).
317 712 521 779 e.Sobultnii
543 732 675 795 gramm.
699 716 727 793 §-
750 712 821 794 329,
843 733 873 776 n.
896 717 915 780 6
938 720 969 777 11
989 718 1018 795 ξ.
1043 714 1281 798 365,1111.2.

377 880 438 947 vl.
482 879 533 946 Ile
555 879 750 946 enuntiatis
770 878 1051 963 interrogativis

237 1016 266 1094 ξ.
288 1015 337 1080 48.
371 1015 691 1094 Utrumne-an,
715 1020 868 1096 uterne;
890 1035 1121 1099 ne—anne;
1144 1037 1281 1082 nonne.

152 1113 234 1179 Cum
273 1115 351 1180 satis
385 1122 526 1181 oonstet'
550 1114 732 1200 posterioris
764 1116 878 1180 aetatis
918 1118 1100 1201 soriptores,
1141 1119 1283 1202 inprimis

151 1222 282 1299 poetas,
315 1217 485 1300 particulas
513 1217 637 1298 ,ntrum‘
659 1222 691 1280 et
712 1219 772 1297 ,ne‘
799 1216 1034 1300 conglutinasse
1055 1219 1094 1290 in,
1108 1221 1283 1303 ,utrumne‘,

150 1316 183 1381 is
204 1336 278 1381 usus
300 1316 442 1383 Ciceroni
465 1317 679 1399 abiudicatur,
709 1318 762 1400 qui
784 1336 909 1402 semper
930 1318 1000 1383 aliis
1021 1318 1126 1384 verbis
1147 1319 1283 1404 interpo-

150 1417 223 1482 sitis
244 1417 461 1483 disiuuotionis
490 1426 597 1502 partes
624 1418 842 1483 substruxerit.
886 1421 928 1483 At
947 1439 1001 1484 our
1023 1419 1117 1486 leotio
1146 1420 1283 1484 omnium

152 1518 298 1583 oodioum
322 1519 363 1583 de
384 1520 451 1584 Iuv.
474 1520 489 1583 Ι
512 1521 551 1585 51
581 1520 777 1601 repudietur,
813 1519 866 1601 qui
895 1527 1076 1585 utrumne
1101 1561 1133 1569 -
1160 1541 1208 1585 an
1230 1541 1283 1585 ex-

151 1619 285 1684 hibent?
307 1620 377 1685 Huo
398 1621 531 1703 11111111,
555 1620 638 1703 quod
657 1620 796 1700 Quintil,
819 1621 872 1702 qui
895 1621 977 1685 huno
998 1622 1100 1686 looum
1122 1621 1152 1686 V·
1171 1624 1221 1703 11,
1243 1623 1285 1691 28

150 1720 273 1799 laudat,
296 1723 365 1805 ipse
387 1721 504 1787 formas
527 1728 670 1785 utrumne
685 1760 725 1768 -
739 1742 782 1786 oo
803 1722 932 1805 profert.
963 1723 1063 1787 Aliter
1085 1722 1211 1804 quidem
1233 1741 1284 1788 res

151 1841 191 1887 se
213 1822 308 1887 habet
326 1843 359 1906 p.
382 1823 507 1899 Quinot.
530 1822 586 1902 92,
610 1821 663 1886 ubi
685 1822 795 1905 optimi
817 1821 889 1885 libri
912 1822 1044 1887 habent:
1077 1828 1189 1902 ,utrum
1211 1842 1282 1907 pos·

152 1924 236 1989 sitne
269 1942 364 1989 se-
388 1923 576 2004 defendere,
605 1942 646 1986 an
667 1927 732 2002 —‘,
769 1942 838 1988 oum
870 1923 902 1986 in
929 1925 998 1988 sola
1032 1923 1170 1988 editione
1192 1923 1283 1988 Lam·

152 2024 222 2088 bini
242 2022 380 2106 legatur:
407 2029 519 2103 ,utrum
544 2024 646 2108 possit
669 2028 727 2106 -‘,
751 2044 779 2087 v.
803 2023 878 2089 Hor.
903 2023 994 2107 epod.
1017 2023 1089 2104 173
1121 2024 1284 2107 saulis,

152 2125 227 2192 251.
249 2124 279 2206 b,
300 2124 351 2192 73.
707 2193 709 2197 ,

238 2225 327 2290 Haeo
358 2225 512 2309 particula
538 2245 576 2289 aa
603 2243 623 2288 a
651 2226 752 2308 poetis
785 2226 992 2308 posteriorum
1027 2230 1203 2309 temporum
1234 2225 1285 2289 vel

152 2326 391 2411 pronominibus
413 2323 647 2408 interrogativis
669 2325 818 2390 adiunota
839 2332 902 2408 est,
926 2332 959 2390 ut
978 2332 1111 2391 uterne
1133 2326 1285 2391 seribere-

152 2432 219 2509 tur,
243 2447 272 2492 v.
296 2427 371 2492 Hor.
395 2432 454 2493 sat.
476 2425 508 2489 H
529 2425 567 2507 2,
589 2425 650 2492 109
682 2425 834 2510 (uterne);
868 2426 1140 2509 111.113,295;
1171 2444 1285 2509 ,quone

153 2526 250 2591 malo‘
258 2554 265 2607 3
288 2527 364 2594 317:
396 2528 586 2610 ,quantauet
630 2527 718 2590 Idem
741 2527 866 2591 dicendi
889 2547 990 2610 genus
1012 2533 1146 2611 apparet
1166 2527 1198 2589 in
1220 2526 1285 2591 Cio.

154 2627 244 2692 Verr.
267 2627 313 2690 ΙΙΙ
336 2628 412 2708 191,
442 2627 494 2692 ubi
526 2627 598 2691 boni
619 2626 691 2690 libri
714 2626 813 2693 Paris.
836 2628 863 2692 A
886 2634 917 2691 et
938 2628 980 2709 B,
1003 2627 1081 2710 Lag.
1104 2628 1159 2710 29,
1184 2627 1285 2694 Vatio.

153 2729 239 2793 hano
260 2729 447 2812 scripturam
469 2728 579 2793 edunt:
604 2746 733 2808 ,quaero
757 2746 838 2792 nuno
859 2728 918 2793 abs
940 2734 980 2810 te,
1002 2728 1053 2811 Η,
1076 2748 1146 2794 oum
1167 2731 1293 2794 utrisne.

154 2829 283 2895 tandem
316 2828 406 2893 istius
440 2828 558 2893 fautum
590 2829 760 2892 collaturus
792 2829 860 2894 112ι
898 2828 964 2894 Sed
996 2829 1286 2912 praestantissimus

156 2930 225 2998 eod.
247 2928 327 3011 Lag.
347 2929 389 2996 42
411 2929 522 2994 habet:
556 2948 635 3009 ,oum
658 2930 747 2994 utris‘
777 2929 972 3013 eandemque
992 2930 1168 3017 lectionem
1190 2930 1286 2995 oeteri

154 3030 227 3095 libri
260 3030 370 3114 optimi
402 3030 564 3112 praebent.
609 3030 715 3106 Quare
748 3030 871 3094 etiamsi
906 3030 1035 3095 difficile
1063 3038 1112 3095 est
1139 3031 1285 3095 idoneam

157 3150 287 3196 oausam
310 3130 511 3213 excogitare,
543 3150 596 3195 our
617 3131 764 3195 librarius
787 3131 818 3194 in
841 3129 924 3194 hano
945 3132 1134 3196 locutionem
1156 3151 1176 3196 a
1198 3131 1285 3196 Oios-

156 3233 243 3297 ronis
264 3250 410 3296 sermone
432 3231 568 3296 alienam
592 3230 736 3295 insiderit
757 3231 982 3314 vulgaremque
1003 3232 1160 3316 respuerit
1174 3231 1286 3297 -nisi

156 3332 237 3398 forte
258 3338 403 3416 putamus
425 3332 466 3397 ab
488 3331 542 3395 illo
577 3331 734 3396 scribendi
768 3351 885 3396 morem
917 3333 1095 3415 aequalium
1128 3333 1286 3416 proprium
1355 3376 1358 3384 ·

156 3433 208 3498 vel
230 3433 341 3498 soienti
370 3432 420 3497 vel
441 3431 631 3515 imprudenti
651 3432 683 3496 in
706 3451 776 3496 eum
798 3432 900 3497 looum
928 3453 1010 3499 esse*
1029 3432 1214 3498 translatum
1235 3469 1286 3515 —,

156 3539 274 3617 ,tamen
296 3533 390 3597 lectio
412 3551 492 3613 ,oum
514 3533 602 3597 utris‘
624 3533 789 3616 probanda
810 3539 867 3598 est.

240 3634 360 3699 Similis
381 3633 471 3714 ratio,
494 3652 575 3716 quae
597 3633 628 3698 in
653 3637 816 3714 ‚utrumne‘
842 3671 875 3681 -
901 3637 973 3715 ,an‘,
996 3635 1131 3699 cernitur
1152 3634 1184 3697 in
1205 3638 1285 3716 part.

156 3754 268 3817 anne,
290 3736 318 3800 si
340 3734 427 3818 prius
449 3733 620 3798 membrum
644 3735 707 3798 iam
729 3734 943 3816 interrogandi
966 3735 1151 3818 particulam
1174 3734 1285 3799 habet:

157 3836 247 3901 Verr.
269 3835 312 3900 IV
333 3836 389 3902 73:
412 3854 556 3918 ,aequum
588 3854 660 3899 esse
681 3835 753 3899 illos
775 3836 931 3918 cogitare,
959 3843 1060 3900 utrum
1084 3841 1169 3900 esset
1189 3834 1284 3919 Agri-

156 3936 294 4020 gentinis
317 3936 422 4001 utilius
444 3938 549 4001 suisne
569 3936 688 4001 servire
711 3957 792 4001 uuae
808 3936 924 4020 populo
937 3936 1026 4001 Rom.
1038 3936 1285 4020 obtemperare‘3

156 4059 187 4103 v.
211 4038 390 4106 0111206.

240 4138 376 4203 Nonne
396 4158 427 4220 p.
442 4137 535 4203 Caes.
548 4138 588 4205 37
604 4137 672 4202 sine
689 4137 785 4202 verbo
800 4138 930 4220 legitur:
953 4143 994 4219 ,te
1012 4137 1166 4203 deiectum
1184 4138 1286 4202 debeo

155 4238 353 4321 intellegere,
376 4239 498 4303 etiarnsi
521 4244 623 4302 taetus
645 4258 707 4303 non
730 4237 836 4302 fueris.
867 4238 1003 4304 Nonne?
1027 4238 1126 4321 (nieht
1146 4238 1286 4324 wabr?)‘

156 4341 248 4406 Haeo
278 4339 527 4423 breviloquentia
556 4340 623 4404 sine
652 4337 747 4403 dubio
769 4338 811 4402 ad
832 4357 932 4425 genus
955 4339 1105 4406 cotidiani
1133 4340 1285 4409 sermonis

155 4439 291 4509 aceedit.
