2880 5040
432 245 556 300 Priorum
578 243 634 300 Cic.
653 246 809 301 orationum
829 263 928 303 senno.
1201 247 1244 313 49

110 411 207 503 Font.
230 410 381 500 141111.
403 411 448 476 IV
470 412 498 478 8.
536 412 641 478 Flaco.
663 414 692 479 8.
726 434 756 498 ρ.
785 415 852 481 red.
886 415 918 478 in
940 416 1014 480 Sen.
1036 416 1076 481 24
1113 416 1245 498 (infelici
1284 464 1286 470 -

110 513 296 578 coniectura
317 511 474 594 quondam
496 531 524 578 v.
546 512 647 595 ,vieis‘
668 514 857 580 inculcatum
880 518 977 594 erat).
1006 514 1069 580 Pis.
1090 515 1140 583 89.
1164 517 1245 581 Phil.

110 613 145 678 V
165 613 195 680 8.
237 612 382 694 Denique
410 613 504 696 pauci
531 612 592 678 loci
614 620 802 696 supersunt,
840 616 891 697 qui
925 615 1111 698 particulam
1144 617 1246 699 copul.

112 718 201 778 recte
224 717 366 777 extremo
387 712 528 778 membro
550 712 730 778 adiunctam
753 714 886 795 habent,
921 715 1004 795 quod
1025 734 1154 781 numero
1176 716 1245 799 qui-

113 813 190 878 dem
224 818 288 877 tres
322 816 377 876 aut
407 810 529 894 plures,
562 813 684 900 ratione
715 832 790 877 varo
819 814 901 879 duae
927 818 1033 897 partes
1055 815 1086 879 in
1107 816 1245 881 medium

112 912 259 997 prolatae
284 916 371 992 sunt,
405 911 455 976 vel
483 912 567 992 quod
600 913 640 977 ad
670 912 845 996 singularia
871 914 969 980 verba
991 916 1076 981 notio
1099 910 1246 981 universa

112 1011 227 1078 addita
248 1016 298 1076 est
321 1019 379 1090 (=
399 1011 474 1092 ,und
495 1011 719 1096 uberhaupt‘):

199 1112 292 1177 Rosc.
316 1113 354 1179 A.
377 1113 395 1176 7
430 1116 475 1192 ,ut
500 1111 667 1178 audacium
696 1112 810 1178 sceleri
832 1113 1002 1193 resistatis,
1034 1114 1246 1180 innocentium

114 1213 330 1278 calamitatem
352 1210 463 1275 levetis
486 1218 515 1275 et
536 1212 567 1276 in
589 1229 686 1276 causa
708 1211 781 1276 Sex.
797 1212 833 1278 R.
856 1212 1029 1296 periculum
1053 1265 1059 1279 .
1082 1261 1090 1278 .
1114 1260 1122 1279 .
1145 1261 1152 1276 .
1174 1234 1246 1297 pro-

114 1312 270 1397 pulsatis‘,
292 1310 347 1375 ubi
369 1310 431 1376 duo
452 1312 559 1394 priora
579 1311 721 1376 membra
741 1311 801 1376 sibi
823 1313 970 1396 opposita
990 1332 1085 1378 unam
1107 1332 1246 1397 compre-

115 1412 259 1478 hendunt
279 1411 477 1476 sententiam.
512 1444 515 1449 ·

200 1506 263 1577 div.
285 1510 317 1574 in
339 1510 433 1576 daec.
452 1510 493 1576 46
514 1509 625 1593 ,quid‘l
649 1529 718 1576 curn
741 1512 964 1593 commiserati,
987 1512 1134 1593 conqueri
1157 1519 1186 1576 et
1207 1530 1247 1576 ex

114 1612 201 1678 illius
222 1611 341 1676 invidia
363 1609 537 1675 deonerare
559 1610 678 1693 aliquid
701 1616 732 1675 et
753 1612 785 1674 in
806 1618 836 1675 te
851 1597 984 1676 traicere
999 1609 1165 1695 coeperit‘3
1187 1612 1247 1677 sci-

115 1712 192 1777 licet
212 1731 261 1777 vv.
284 1710 510 1793 ,commisereri
532 1711 692 1793 conqueri‘
712 1711 870 1776 artissime
893 1711 1071 1777 cohaerent.

201 1811 264 1878 div.
292 1811 325 1875 in
348 1809 440 1875 (laec.
462 1809 504 1877 72
533 1829 624 1893 ,quos
652 1815 684 1875 ut
716 1811 888 1876 incolumes
916 1829 1122 1892 conservare,
1157 1810 1247 1892 tueri,

116 1911 302 1978 confirmare
325 1930 363 1974 cc
383 1927 571 1992 recuperare
593 1911 775 1993 possimus‘3
799 1910 830 1974 h.
852 1910 873 1974 l.
896 1911 957 1975 tria
977 1911 1085 1994 priora
1106 1910 1249 1975 membra
1294 1989 1296 1993 .

117 2012 204 2077 vices
227 2011 318 2076 unius
341 2009 477 2074 notionis
500 2010 662 2075 sustinent.

201 2110 326 2176 Verri
348 2109 389 2176 39
411 2109 481 2191 ,hoc
503 2109 672 2191 occultum,
694 2111 875 2175 intestinum
897 2131 935 2175 oc
956 2110 1163 2175 domesticum
1184 2128 1248 2172 ma-

117 2213 208 2281 lum‘r
236 2211 268 2274 in
289 2210 394 2294 priore
415 2210 557 2276 membro
579 2211 649 2276 voci
671 2210 847 2291 ,occultum‘
869 2211 1052 2294 adiungitur
1073 2208 1173 2273 altera
1194 2227 1249 2273 no-

117 2312 162 2378 tio
183 2310 270 2377 sedis
292 2309 368 2390 odii,
390 2308 513 2374 duobus
526 2310 688 2376 vocabulis
705 2312 932 2394 comprehensa
954 2312 1068 2392 ,intest
1091 2329 1130 2375 ac
1152 2309 1247 2375 dom‘

118 2411 236 2498 (Madv.
258 2410 375 2494 Opusc.
396 2429 427 2492 p.
448 2409 533 2493 338).
772 2479 775 2484 ,

202 2511 289 2576 Verr.
311 2509 356 2574 IV
378 2508 434 2577 99:
456 2509 552 2591 ,illius
573 2509 638 2573 fani
662 2509 838 2591 antistitae,
860 2510 996 2575 maiores
1018 2513 1112 2590 natu,
1135 2507 1248 2591 proba-

116 2618 171 2677 tae
203 2633 241 2676 oc
268 2608 391 2676 nobiles
423 2609 598 2689 muliercs‘;
630 2608 671 2674 de
701 2609 730 2673 h.
753 2610 773 2675 l.
796 2631 829 2678 v.
849 2609 955 2676 Madv.
977 2610 998 2675 l.
1021 2628 1047 2674 c.
1069 2628 1100 2692 p.
1123 2608 1250 2673 338:

116 2712 230 2794 ,altere
253 2712 377 2775 Frauen
399 2728 460 2773 von
482 2714 590 2791 gutem
611 2708 691 2773 Rufe
712 2709 776 2773 und
798 2709 1018 2774 ansehnlicher
1040 2707 1195 2772 Familie‘.

201 2810 283 2875 Sest.
295 2809 335 2876 21
356 2808 528 2890 ,favebant
549 2805 740 2891 gaudebant
754 2816 783 2873 ct
801 2809 843 2874 ad
865 2809 1078 2892 integritatem
1100 2805 1249 2872 maiorem

115 2930 176 2996 spe
198 2930 257 2976 sua
278 2909 436 2974 hominem
458 2907 639 2989 vocabant‘3
661 2908 703 2972 ad
725 2908 755 2973 h.
778 2910 798 2974 l.
821 2929 850 2974 v.
874 2909 992 2973 Halmii
1014 2909 1121 2972 adnot.

202 3009 238 3075 0.
259 3009 339 3074 Rab.
361 3008 401 3076 21
425 3014 468 3089 ,et
489 3008 637 3072 membris
659 3009 804 3074 omnibus
827 3014 948 3091 captus‘
981 3009 1042 3093 (=
1064 3006 1138 3087 ,und
1159 3005 1249 3070 llber-

115 3112 259 3194 haupt‘).
303 3108 350 3185 Of.
374 3107 499 3191 Seyff.²
532 3108 619 3172 Lael.
642 3128 672 3192 p.
695 3109 751 3190 663
784 3108 942 3174 Kuehner.
966 3109 1008 3173 ad
1029 3109 1122 3173 Tusc.
1148 3106 1171 3170 V
1193 3106 1250 3184 413

116 3212 238 3293 Draeg.
261 3212 290 3291 ξ.
312 3208 384 3289 311,
405 3208 435 3276 2.

202 3309 245 3386 b}
264 3314 301 3373 et
322 3306 548 3373 adverbialiter
568 3307 694 3392 ponitur
728 3328 784 3393 pro
817 3309 945 3374 etiam.
989 3309 1037 3371 De
1059 3308 1119 3372 hoo
1142 3324 1199 3370 usu
1222 3324 1250 3367 v.

115 3413 223 3476 Anton
244 3409 260 3473 Ι
281 3407 415 3490 26-69,
438 3408 555 3490 Draeg.
578 3411 607 3489 ξ.
622 3409 694 3491 312,
717 3408 819 3473 Hand.
842 3409 878 3473 Τ.
895 3408 924 3472 ll
946 3408 1008 3475 499
1023 3426 1105 3490 sqq,
1126 3405 1250 3470 Kuehn.

114 3509 161 3576 ad
181 3510 275 3576 Tusa.
299 3509 345 3573 ΙΙΙ
364 3508 415 3575 28.

202 3609 242 3694 α)
265 3616 294 3687 et
309 3606 612 3691 pronominibus
635 3608 853 3691 praeponitur:

201 3714 238 3773 et
266 3719 320 3789 tu,
349 3709 442 3774 Rosc.
465 3707 500 3772 C.
522 3708 563 3774 32
600 3709 653 3789 ,Α1
675 3707 758 3770 enim
780 3714 813 3771 tu
834 3714 920 3770 tuum
941 3707 1100 3788 negotium
1122 3703 1252 3794 gessisti

114 3811 209 3876 bene.
231 3846 272 3855 -
315 3809 397 3873 (lere
420 3813 452 3871 et
473 3812 506 3871 tu
527 3813 614 3871 tuum
635 3806 726 3871 bene.
750 3843 787 3854 -
831 3807 948 3889 Magno
981 3812 1013 3869 tu
1046 3811 1133 3869 tuam
1161 3804 1250 3868 dimi·

114 3908 205 3974 diam
225 3914 348 3992 partem
371 3906 529 3972 decidisti.
552 3945 592 3954 -
613 3907 731 3988 Magno
754 3913 786 3972 ct
805 3912 839 3971 tu
860 3913 946 3971 tuam
967 3911 1089 3989 partem
1112 3904 1249 3985 decide,

115 3999 266 4091 et'vos,
289 4008 379 4073 Balb.
401 4009 451 4072 44.
753 3999 755 4004 ’

202 4113 241 4173 et
261 4107 364 4173 illud
384 4134 425 4164 =
448 4108 554 4190 ,etiam
576 4107 664 4171 illud‘
685 4107 771 4191 apud
784 4106 969 4172 Ciceronem
990 4105 1147 4170 invenitur
1169 4124 1249 4169 sern-

114 4228 176 4294 per
210 4226 281 4273 cunr
315 4208 387 4275 adv.
420 4209 535 4291 ,simul‘
568 4213 599 4272 et
626 4206 812 4290 plerumque
841 4225 911 4271 curn
938 4226 988 4270 vv.
1013 4206 1177 4285 ,dubitare‘
1200 4206 1251 4271 vel

114 4309 282 4403 ,cogitare‘
314 4309 527 4374 consociatum
564 4314 610 4385 (v.
633 4309 705 4373 Ant.
736 4327 767 4391 p.
790 4306 866 4386 46);
900 4306 1088 4374 Cluentio
1119 4305 1250 4391 ,simul
