<?xml version="1.0" encoding="UTF-8"?>
<!DOCTYPE html PUBLIC "-//W3C//DTD XHTML 1.0 Transitional//EN"
    "http://www.w3.org/TR/xhtml1/DTD/xhtml1-transitional.dtd">
<html xmlns="http://www.w3.org/1999/xhtml" xml:lang="en" lang="en">
 <head>
  <title>
</title>
<meta http-equiv="Content-Type" content="text/html;charset=utf-8" />
  <meta name='ocr-system' content='tesseract 3.04.00' />
  <meta name='ocr-capabilities' content='ocr_page ocr_carea ocr_par ocr_line ocrx_word'/>
</head>
<body>
  <div class='ocr_page' id='page_1' title='image "./desermonispropr00hellgoog_0035.png"; bbox 0 0 2880 5040; ppageno 0'>
   <div class='ocr_carea' id='block_1_1' title="bbox 712 393 913 454">
    <p class='ocr_par' dir='ltr' id='par_1_1' title="bbox 712 393 913 454">
     <span class='ocr_line' id='line_1_1' title="bbox 712 393 913 454; baseline 0.005 -3"><span class='ocrx_word' id='word_1_1' title='bbox 712 396 747 454; x_wconf 91' lang='lat' dir='ltr'>H.</span> <span class='ocrx_word' id='word_1_2' title='bbox 767 393 913 453; x_wconf 88' lang='lat' dir='ltr'>Hollmuth.</span> 
     </span>
    </p>
   </div>
   <div class='ocr_carea' id='block_1_2' title="bbox 601 623 1164 709">
    <p class='ocr_par' dir='ltr' id='par_1_2' title="bbox 601 623 1164 709">
     <span class='ocr_line' id='line_1_2' title="bbox 601 623 1164 709; baseline -0.005 -18"><span class='ocrx_word' id='word_1_3' title='bbox 601 623 653 692; x_wconf 89' lang='grc' dir='ltr'>Π.</span> <span class='ocrx_word' id='word_1_4' title='bbox 694 624 745 691; x_wconf 84' lang='lat' dir='ltr'>lle</span> <span class='ocrx_word' id='word_1_5' title='bbox 770 623 1050 709; x_wconf 82' lang='lat' dir='ltr'><strong>pronominibus.</strong></span> <span class='ocrx_word' id='word_1_6' title='bbox 1158 632 1164 649; x_wconf 85' lang='lat'><strong><em>¹</em></strong></span> 
     </span>
    </p>
   </div>
   <div class='ocr_carea' id='block_1_3' title="bbox 259 756 1424 4364">
    <p class='ocr_par' dir='ltr' id='par_1_3' title="bbox 259 756 1393 1344">
     <span class='ocr_line' id='line_1_3' title="bbox 342 756 1393 846; baseline -0.004 -22"><span class='ocrx_word' id='word_1_7' title='bbox 342 760 372 838; x_wconf 68' lang='grc' dir='ltr'>ἐ.</span> <span class='ocrx_word' id='word_1_8' title='bbox 398 757 448 824; x_wconf 88' lang='grc'>38.</span> <span class='ocrx_word' id='word_1_9' title='bbox 502 759 557 825; x_wconf 93' lang='lat' dir='ltr'>De</span> <span class='ocrx_word' id='word_1_10' title='bbox 589 760 816 846; x_wconf 85' lang='lat' dir='ltr'><strong>pronomine</strong></span> <span class='ocrx_word' id='word_1_11' title='bbox 848 759 1064 825; x_wconf 81' lang='lat' dir='ltr'>reflexivo.</span> <span class='ocrx_word' id='word_1_12' title='bbox 1119 759 1148 823; x_wconf 87' lang='lat'>1.</span> <span class='ocrx_word' id='word_1_13' title='bbox 1177 756 1393 840; x_wconf 81' lang='lat' dir='ltr'>Peruagatum</span> 
     </span>
     <span class='ocr_line' id='line_1_4' title="bbox 261 858 1393 943; baseline 0.001 -22"><span class='ocrx_word' id='word_1_14' title='bbox 261 862 310 922; x_wconf 84' lang='lat' dir='ltr'>ost</span> <span class='ocrx_word' id='word_1_15' title='bbox 329 877 416 941; x_wconf 91' lang='lat' dir='ltr'>pron.</span> <span class='ocrx_word' id='word_1_16' title='bbox 431 858 616 925; x_wconf 87' lang='lat' dir='ltr'>reflexivum</span> <span class='ocrx_word' id='word_1_17' title='bbox 638 861 669 926; x_wconf 94' lang='lat' dir='ltr'>in</span> <span class='ocrx_word' id='word_1_18' title='bbox 692 862 833 927; x_wconf 89' lang='lat' dir='ltr'>oratione</span> <span class='ocrx_word' id='word_1_19' title='bbox 855 860 983 943; x_wconf 90' lang='lat' dir='ltr'>obliqua</span> <span class='ocrx_word' id='word_1_20' title='bbox 1005 860 1047 923; x_wconf 91' lang='lat' dir='ltr'>ad</span> <span class='ocrx_word' id='word_1_21' title='bbox 1069 858 1243 923; x_wconf 89' lang='lat' dir='ltr'>subiectum</span> <span class='ocrx_word' id='word_1_22' title='bbox 1265 864 1393 923; x_wconf 85' lang='lat' dir='ltr'>senten·</span> 
     </span>
     <span class='ocr_line' id='line_1_5' title="bbox 260 956 1393 1043; baseline 0.003 -23"><span class='ocrx_word' id='word_1_23' title='bbox 260 956 323 1021; x_wconf 83' lang='lat' dir='ltr'>tiae</span> <span class='ocrx_word' id='word_1_24' title='bbox 343 957 526 1043; x_wconf 89' lang='lat' dir='ltr'>principalis</span> <span class='ocrx_word' id='word_1_25' title='bbox 548 961 669 1043; x_wconf 80' lang='lat' dir='ltr'>referri,</span> <span class='ocrx_word' id='word_1_26' title='bbox 691 962 719 1026; x_wconf 89' lang='lat' dir='ltr'>si</span> <span class='ocrx_word' id='word_1_27' title='bbox 738 961 910 1026; x_wconf 82' lang='lat' dir='ltr'>enuntiatio</span> <span class='ocrx_word' id='word_1_28' title='bbox 932 959 1121 1025; x_wconf 89' lang='lat' dir='ltr'>secundaria</span> <span class='ocrx_word' id='word_1_29' title='bbox 1142 978 1159 1023; x_wconf 96' lang='lat' dir='ltr'>e</span> <span class='ocrx_word' id='word_1_30' title='bbox 1182 963 1287 1023; x_wconf 91' lang='lat' dir='ltr'>mente</span> <span class='ocrx_word' id='word_1_31' title='bbox 1308 958 1393 1023; x_wconf 89' lang='lat' dir='ltr'>illius</span> 
     </span>
     <span class='ocr_line' id='line_1_6' title="bbox 260 1057 1392 1144; baseline 0.002 -23"><span class='ocrx_word' id='word_1_32' title='bbox 260 1057 395 1123; x_wconf 87' lang='lat' dir='ltr'>subiecti</span> <span class='ocrx_word' id='word_1_33' title='bbox 414 1059 556 1143; x_wconf 87' lang='lat' dir='ltr'>profecta</span> <span class='ocrx_word' id='word_1_34' title='bbox 577 1067 634 1127; x_wconf 85' lang='lat' dir='ltr'>cat.</span> <span class='ocrx_word' id='word_1_35' title='bbox 656 1061 742 1139; x_wconf 66' lang='lat' dir='ltr'>⁴Qua</span> <span class='ocrx_word' id='word_1_36' title='bbox 764 1061 803 1126; x_wconf 91' lang='lat' dir='ltr'>de</span> <span class='ocrx_word' id='word_1_37' title='bbox 825 1062 936 1144; x_wconf 87' lang='lat' dir='ltr'>regula</span> <span class='ocrx_word' id='word_1_38' title='bbox 958 1061 1086 1142; x_wconf 86' lang='lat' dir='ltr'>copiose</span> <span class='ocrx_word' id='word_1_39' title='bbox 1108 1059 1281 1143; x_wconf 83' lang='lat' dir='ltr'>disputavit</span> <span class='ocrx_word' id='word_1_40' title='bbox 1303 1059 1392 1124; x_wconf 88' lang='lat' dir='ltr'>Mad·</span> 
     </span>
     <span class='ocr_line' id='line_1_7' title="bbox 259 1158 1392 1244; baseline 0.004 -22"><span class='ocrx_word' id='word_1_41' title='bbox 259 1158 364 1240; x_wconf 84' lang='lat' dir='ltr'>vigius</span> <span class='ocrx_word' id='word_1_42' title='bbox 385 1159 418 1224; x_wconf 94' lang='lat' dir='ltr'>in</span> <span class='ocrx_word' id='word_1_43' title='bbox 440 1181 488 1244; x_wconf 81' lang='lat' dir='ltr'>gr.</span> <span class='ocrx_word' id='word_1_44' title='bbox 509 1181 568 1227; x_wconf 88' lang='lat' dir='ltr'>sua</span> <span class='ocrx_word' id='word_1_45' title='bbox 588 1162 692 1243; x_wconf 73' lang='lat'><strong>§.490</strong></span> <span class='ocrx_word' id='word_1_46' title='bbox 713 1181 740 1227; x_wconf 88' lang='lat' dir='ltr'>c.</span> <span class='ocrx_word' id='word_1_47' title='bbox 784 1161 847 1227; x_wconf 79' lang='lat' dir='ltr'>Sed</span> <span class='ocrx_word' id='word_1_48' title='bbox 870 1160 1012 1227; x_wconf 86' lang='lat' dir='ltr'>reflexivi</span> <span class='ocrx_word' id='word_1_49' title='bbox 1034 1162 1102 1228; x_wconf 90' lang='lat' dir='ltr'>vioe</span> <span class='ocrx_word' id='word_1_50' title='bbox 1123 1159 1278 1224; x_wconf 90' lang='lat' dir='ltr'>interdum</span> <span class='ocrx_word' id='word_1_51' title='bbox 1303 1178 1392 1243; x_wconf 82' lang='lat' dir='ltr'>pron.</span> 
     </span>
     <span class='ocr_line' id='line_1_8' title="bbox 260 1257 948 1344; baseline 0.003 -21"><span class='ocrx_word' id='word_1_52' title='bbox 260 1257 295 1324; x_wconf 84' lang='lat' dir='ltr'>ia</span> <span class='ocrx_word' id='word_1_53' title='bbox 316 1259 456 1343; x_wconf 84' lang='lat' dir='ltr'>fungitur</span> <span class='ocrx_word' id='word_1_54' title='bbox 477 1261 528 1326; x_wconf 89' lang='lat' dir='ltr'>vel</span> <span class='ocrx_word' id='word_1_55' title='bbox 535 1312 544 1344; x_wconf 98' lang='lat'>,</span> <span class='ocrx_word' id='word_1_56' title='bbox 566 1263 650 1344; x_wconf 90' lang='lat' dir='ltr'>quod</span> <span class='ocrx_word' id='word_1_57' title='bbox 670 1264 771 1327; x_wconf 91' lang='lat' dir='ltr'>rarius</span> <span class='ocrx_word' id='word_1_58' title='bbox 792 1263 842 1344; x_wconf 90' lang='lat' dir='ltr'>lit,</span> <span class='ocrx_word' id='word_1_59' title='bbox 864 1261 948 1328; x_wconf 85' lang='lat' dir='ltr'>illo.</span> 
     </span>
    </p>

    <p class='ocr_par' dir='ltr' id='par_1_4' title="bbox 260 1359 1424 2251">
     <span class='ocr_line' id='line_1_9' title="bbox 343 1359 1424 1428; baseline 0.001 -4"><span class='ocrx_word' id='word_1_60' title='bbox 343 1360 370 1424; x_wconf 82' lang='lat' dir='ltr'><strong>E</strong></span> <span class='ocrx_word' id='word_1_61' title='bbox 392 1360 552 1428; x_wconf 80' lang='lat' dir='ltr'>Ciceronis</span> <span class='ocrx_word' id='word_1_62' title='bbox 583 1369 688 1428; x_wconf 84' lang='lat' dir='ltr'>autom</span> <span class='ocrx_word' id='word_1_63' title='bbox 717 1363 910 1428; x_wconf 85' lang='lat' dir='ltr'>orationihus</span> <span class='ocrx_word' id='word_1_64' title='bbox 937 1362 1012 1427; x_wconf 88' lang='lat' dir='ltr'>mihi</span> <span class='ocrx_word' id='word_1_65' title='bbox 1040 1381 1133 1426; x_wconf 90' lang='lat' dir='ltr'>unum</span> <span class='ocrx_word' id='word_1_66' title='bbox 1155 1364 1275 1424; x_wconf 88' lang='lat' dir='ltr'>tantum</span> <span class='ocrx_word' id='word_1_67' title='bbox 1299 1359 1393 1425; x_wconf 89' lang='lat' dir='ltr'>huius</span> <span class='ocrx_word' id='word_1_68' title='bbox 1420 1392 1424 1399; x_wconf 92' lang='lat'>·</span> 
     </span>
     <span class='ocr_line' id='line_1_10' title="bbox 260 1458 1391 1547; baseline 0.002 -24"><span class='ocrx_word' id='word_1_69' title='bbox 260 1458 406 1526; x_wconf 83' lang='lat' dir='ltr'>licentiae</span> <span class='ocrx_word' id='word_1_70' title='bbox 429 1462 606 1547; x_wconf 89' lang='lat' dir='ltr'>exemplum</span> <span class='ocrx_word' id='word_1_71' title='bbox 627 1469 733 1528; x_wconf 92' lang='lat' dir='ltr'>notum</span> <span class='ocrx_word' id='word_1_72' title='bbox 757 1469 820 1544; x_wconf 89' lang='lat' dir='ltr'>est,</span> <span class='ocrx_word' id='word_1_73' title='bbox 856 1464 944 1528; x_wconf 89' lang='lat' dir='ltr'>Verr.</span> <span class='ocrx_word' id='word_1_74' title='bbox 968 1462 1059 1529; x_wconf 77' lang='lat'><strong>186:</strong></span> <span class='ocrx_word' id='word_1_75' title='bbox 1102 1459 1252 1544; x_wconf 87' lang='lat' dir='ltr'>,Milesios</span> <span class='ocrx_word' id='word_1_76' title='bbox 1274 1479 1391 1526; x_wconf 88' lang='lat' dir='ltr'>navem</span> 
     </span>
     <span class='ocr_line' id='line_1_11' title="bbox 261 1562 1392 1647; baseline 0.001 -22"><span class='ocrx_word' id='word_1_77' title='bbox 261 1562 422 1645; x_wconf 76' lang='lat' dir='ltr'>poposcit,</span> <span class='ocrx_word' id='word_1_78' title='bbox 451 1582 534 1645; x_wconf 91' lang='lat' dir='ltr'>quae</span> <span class='ocrx_word' id='word_1_79' title='bbox 559 1582 641 1628; x_wconf 87' lang='lat' dir='ltr'>cum</span> <span class='ocrx_word' id='word_1_80' title='bbox 664 1564 813 1647; x_wconf 88' lang='lat' dir='ltr'>praesidii</span> <span class='ocrx_word' id='word_1_81' title='bbox 835 1582 932 1628; x_wconf 91' lang='lat' dir='ltr'>causa</span> <span class='ocrx_word' id='word_1_82' title='bbox 954 1562 1106 1646; x_wconf 89' lang='lat' dir='ltr'>Myndum</span> <span class='ocrx_word' id='word_1_83' title='bbox 1128 1563 1392 1645; x_wconf 70' lang='lat' dir='ltr'>prosequeretur.</span> 
     </span>
     <span class='ocr_line' id='line_1_12' title="bbox 260 1659 1393 1750; baseline 0 -25"><span class='ocrx_word' id='word_1_84' title='bbox 260 1659 299 1726; x_wconf 93' lang='lat' dir='ltr'>In</span> <span class='ocrx_word' id='word_1_85' title='bbox 320 1680 360 1727; x_wconf 91' lang='lat' dir='ltr'>ea</span> <span class='ocrx_word' id='word_1_86' title='bbox 381 1663 463 1727; x_wconf 90' lang='lat' dir='ltr'>enim</span> <span class='ocrx_word' id='word_1_87' title='bbox 486 1664 700 1731; x_wconf 88' lang='lat' dir='ltr'>enuntiatione</span> <span class='ocrx_word' id='word_1_88' title='bbox 710 1666 805 1749; x_wconf 72' lang='lat' dir='ltr'>:pron</span> <span class='ocrx_word' id='word_1_89' title='bbox 819 1667 923 1746; x_wconf 86' lang='lat' dir='ltr'>,quae‘</span> <span class='ocrx_word' id='word_1_90' title='bbox 945 1664 1070 1750; x_wconf 87' lang='lat' dir='ltr'>ponitur</span> <span class='ocrx_word' id='word_1_91' title='bbox 1089 1682 1145 1746; x_wconf 91' lang='lat' dir='ltr'>pro</span> <span class='ocrx_word' id='word_1_92' title='bbox 1168 1659 1212 1744; x_wconf 80' lang='lat' dir='ltr'>,ut&#39;</span> <span class='ocrx_word' id='word_1_93' title='bbox 1233 1663 1283 1727; x_wconf 87' lang='lat' dir='ltr'>ea‘</span> <span class='ocrx_word' id='word_1_94' title='bbox 1305 1661 1393 1727; x_wconf 89' lang='lat' dir='ltr'>finali</span> 
     </span>
     <span class='ocr_line' id='line_1_13' title="bbox 261 1761 1392 1848; baseline 0.002 -22"><span class='ocrx_word' id='word_1_95' title='bbox 261 1761 492 1844; x_wconf 81' lang='lat' dir='ltr'>significatione</span> <span class='ocrx_word' id='word_1_96' title='bbox 514 1765 702 1848; x_wconf 79' lang='lat' dir='ltr'>praeditum.</span> <span class='ocrx_word' id='word_1_97' title='bbox 745 1765 780 1830; x_wconf 85' lang='lat' dir='ltr'>Si</span> <span class='ocrx_word' id='word_1_98' title='bbox 801 1772 907 1830; x_wconf 91' lang='lat' dir='ltr'>autem</span> <span class='ocrx_word' id='word_1_99' title='bbox 928 1784 991 1829; x_wconf 93' lang='lat' dir='ltr'>non</span> <span class='ocrx_word' id='word_1_100' title='bbox 1013 1763 1191 1844; x_wconf 87' lang='lat' dir='ltr'>consilium,</span> <span class='ocrx_word' id='word_1_101' title='bbox 1226 1762 1285 1826; x_wconf 90' lang='lat' dir='ltr'>sed</span> <span class='ocrx_word' id='word_1_102' title='bbox 1319 1782 1392 1828; x_wconf 92' lang='lat' dir='ltr'>con·</span> 
     </span>
     <span class='ocr_line' id='line_1_14' title="bbox 261 1862 1393 1949; baseline 0.002 -23"><span class='ocrx_word' id='word_1_103' title='bbox 261 1862 381 1927; x_wconf 88' lang='lat' dir='ltr'>secutio</span> <span class='ocrx_word' id='word_1_104' title='bbox 402 1864 586 1949; x_wconf 87' lang='lat' dir='ltr'>exprimitur</span> <span class='ocrx_word' id='word_1_105' title='bbox 608 1867 640 1930; x_wconf 96' lang='lat' dir='ltr'>in</span> <span class='ocrx_word' id='word_1_106' title='bbox 662 1867 849 1932; x_wconf 87' lang='lat' dir='ltr'>secundario</span> <span class='ocrx_word' id='word_1_107' title='bbox 872 1865 1050 1948; x_wconf 88' lang='lat' dir='ltr'>enuntiato,</span> <span class='ocrx_word' id='word_1_108' title='bbox 1083 1882 1255 1949; x_wconf 87' lang='lat' dir='ltr'>pronomen</span> <span class='ocrx_word' id='word_1_109' title='bbox 1277 1863 1311 1928; x_wconf 85' lang='lat' dir='ltr'>is</span> <span class='ocrx_word' id='word_1_110' title='bbox 1332 1863 1393 1928; x_wconf 92' lang='lat' dir='ltr'>mi·</span> 
     </span>
     <span class='ocr_line' id='line_1_15' title="bbox 261 1961 1393 2049; baseline 0.001 -22"><span class='ocrx_word' id='word_1_111' title='bbox 261 1961 345 2027; x_wconf 92' lang='lat' dir='ltr'>nime</span> <span class='ocrx_word' id='word_1_112' title='bbox 366 1963 510 2045; x_wconf 86' lang='lat' dir='ltr'>offendit,</span> <span class='ocrx_word' id='word_1_113' title='bbox 544 1986 615 2032; x_wconf 91' lang='lat' dir='ltr'>cnm</span> <span class='ocrx_word' id='word_1_114' title='bbox 636 1986 699 2031; x_wconf 93' lang='lat' dir='ltr'>non</span> <span class='ocrx_word' id='word_1_115' title='bbox 719 1967 763 2049; x_wconf 91' lang='lat' dir='ltr'>is,</span> <span class='ocrx_word' id='word_1_116' title='bbox 791 1966 832 2030; x_wconf 93' lang='lat' dir='ltr'>de</span> <span class='ocrx_word' id='word_1_117' title='bbox 854 1986 916 2048; x_wconf 90' lang='lat' dir='ltr'>qno</span> <span class='ocrx_word' id='word_1_118' title='bbox 938 1965 1056 2048; x_wconf 84' lang='lat' dir='ltr'>agitur,</span> <span class='ocrx_word' id='word_1_119' title='bbox 1088 1964 1145 2029; x_wconf 86' lang='lat' dir='ltr'>sed</span> <span class='ocrx_word' id='word_1_120' title='bbox 1167 1964 1302 2048; x_wconf 80' lang='lat' dir='ltr'>scriptor</span> <span class='ocrx_word' id='word_1_121' title='bbox 1322 1964 1393 2048; x_wconf 89' lang='lat' dir='ltr'>ipse</span> 
     </span>
     <span class='ocr_line' id='line_1_16' title="bbox 261 2063 1393 2150; baseline 0.001 -22"><span class='ocrx_word' id='word_1_122' title='bbox 261 2063 412 2129; x_wconf 91' lang='lat' dir='ltr'>iudicium</span> <span class='ocrx_word' id='word_1_123' title='bbox 432 2083 522 2130; x_wconf 83' lang='lat' dir='ltr'>auum</span> <span class='ocrx_word' id='word_1_124' title='bbox 544 2067 691 2150; x_wconf 87' lang='lat' dir='ltr'>proferat.</span> <span class='ocrx_word' id='word_1_125' title='bbox 735 2067 845 2149; x_wconf 87' lang='lat' dir='ltr'>Itaque</span> <span class='ocrx_word' id='word_1_126' title='bbox 866 2067 927 2130; x_wconf 91' lang='lat' dir='ltr'>huo</span> <span class='ocrx_word' id='word_1_127' title='bbox 948 2087 1010 2131; x_wconf 92' lang='lat' dir='ltr'>non</span> <span class='ocrx_word' id='word_1_128' title='bbox 1038 2067 1196 2149; x_wconf 92' lang='lat' dir='ltr'>pertinent</span> <span class='ocrx_word' id='word_1_129' title='bbox 1225 2065 1304 2148; x_wconf 91' lang='lat' dir='ltr'>loci,</span> <span class='ocrx_word' id='word_1_130' title='bbox 1338 2063 1393 2147; x_wconf 92' lang='lat' dir='ltr'>qui</span> 
     </span>
     <span class='ocr_line' id='line_1_17' title="bbox 263 2165 1196 2251; baseline 0.001 -22"><span class='ocrx_word' id='word_1_131' title='bbox 263 2170 388 2230; x_wconf 86' lang='lat' dir='ltr'>exstant</span> <span class='ocrx_word' id='word_1_132' title='bbox 409 2184 440 2248; x_wconf 92' lang='lat' dir='ltr'>p.</span> <span class='ocrx_word' id='word_1_133' title='bbox 462 2165 554 2232; x_wconf 84' lang='lat' dir='ltr'>Rosa.</span> <span class='ocrx_word' id='word_1_134' title='bbox 578 2169 615 2231; x_wconf 82' lang='lat' dir='ltr'>A.</span> <span class='ocrx_word' id='word_1_135' title='bbox 638 2168 688 2235; x_wconf 81' lang='lat'>95.</span> <span class='ocrx_word' id='word_1_136' title='bbox 711 2167 741 2232; x_wconf 91' lang='lat' dir='ltr'>d.</span> <span class='ocrx_word' id='word_1_137' title='bbox 764 2168 783 2232; x_wconf 92' lang='lat' dir='ltr'>l.</span> <span class='ocrx_word' id='word_1_138' title='bbox 806 2188 873 2251; x_wconf 86' lang='lat' dir='ltr'>agr.</span> <span class='ocrx_word' id='word_1_139' title='bbox 895 2166 927 2231; x_wconf 93' lang='lat' dir='ltr'>II</span> <span class='ocrx_word' id='word_1_140' title='bbox 949 2170 977 2234; x_wconf 84' lang='lat'>1.</span> <span class='ocrx_word' id='word_1_141' title='bbox 1000 2167 1080 2230; x_wconf 89' lang='lat' dir='ltr'>Phil.</span> <span class='ocrx_word' id='word_1_142' title='bbox 1103 2167 1146 2231; x_wconf 85' lang='lat' dir='ltr'>VI</span> <span class='ocrx_word' id='word_1_143' title='bbox 1167 2166 1196 2233; x_wconf 87' lang='grc'>6.</span> 
     </span>
    </p>

    <p class='ocr_par' dir='ltr' id='par_1_5' title="bbox 262 2265 1395 3357">
     <span class='ocr_line' id='line_1_18' title="bbox 344 2265 1394 2350; baseline 0 -21"><span class='ocrx_word' id='word_1_144' title='bbox 344 2265 456 2348; x_wconf 87' lang='lat' dir='ltr'>Neque</span> <span class='ocrx_word' id='word_1_145' title='bbox 478 2272 583 2332; x_wconf 91' lang='lat' dir='ltr'>tamen</span> <span class='ocrx_word' id='word_1_146' title='bbox 604 2268 666 2333; x_wconf 89' lang='lat' dir='ltr'>duo</span> <span class='ocrx_word' id='word_1_147' title='bbox 688 2268 748 2333; x_wconf 90' lang='lat' dir='ltr'>loci</span> <span class='ocrx_word' id='word_1_148' title='bbox 770 2268 934 2333; x_wconf 92' lang='lat' dir='ltr'>omittendi</span> <span class='ocrx_word' id='word_1_149' title='bbox 955 2274 1036 2349; x_wconf 93' lang='lat' dir='ltr'>sunt,</span> <span class='ocrx_word' id='word_1_150' title='bbox 1058 2267 1224 2349; x_wconf 87' lang='lat' dir='ltr'>inquibus</span> <span class='ocrx_word' id='word_1_151' title='bbox 1246 2284 1336 2350; x_wconf 91' lang='lat' dir='ltr'>pron.</span> <span class='ocrx_word' id='word_1_152' title='bbox 1361 2265 1394 2329; x_wconf 91' lang='lat' dir='ltr'>is</span> 
     </span>
     <span class='ocr_line' id='line_1_19' title="bbox 262 2365 1393 2450; baseline 0.001 -20"><span class='ocrx_word' id='word_1_153' title='bbox 262 2365 417 2449; x_wconf 79' lang='lat' dir='ltr'>infinitivo</span> <span class='ocrx_word' id='word_1_154' title='bbox 437 2366 595 2433; x_wconf 87' lang='lat' dir='ltr'>adnexum</span> <span class='ocrx_word' id='word_1_155' title='bbox 618 2375 680 2435; x_wconf 92' lang='lat' dir='ltr'>est:</span> <span class='ocrx_word' id='word_1_156' title='bbox 703 2371 772 2434; x_wconf 87' lang='lat' dir='ltr'>Div.</span> <span class='ocrx_word' id='word_1_157' title='bbox 795 2371 827 2434; x_wconf 92' lang='lat' dir='ltr'>in</span> <span class='ocrx_word' id='word_1_158' title='bbox 851 2369 991 2435; x_wconf 86' lang='lat' dir='ltr'>ano.2:</span> <span class='ocrx_word' id='word_1_159' title='bbox 1013 2388 1074 2450; x_wconf 94' lang='lat' dir='ltr'>,me</span> <span class='ocrx_word' id='word_1_160' title='bbox 1095 2387 1262 2450; x_wconf 88' lang='lat' dir='ltr'>saepe...</span> <span class='ocrx_word' id='word_1_161' title='bbox 1287 2373 1393 2431; x_wconf 84' lang='lat' dir='ltr'>oston-</span> 
     </span>
     <span class='ocr_line' id='line_1_20' title="bbox 264 2466 1393 2555; baseline 0 -23"><span class='ocrx_word' id='word_1_162' title='bbox 264 2466 349 2534; x_wconf 89' lang='lat' dir='ltr'>disse</span> <span class='ocrx_word' id='word_1_163' title='bbox 371 2468 534 2552; x_wconf 90' lang='lat' dir='ltr'>dicebant,</span> <span class='ocrx_word' id='word_1_164' title='bbox 557 2469 585 2534; x_wconf 92' lang='lat' dir='ltr'>si</span> <span class='ocrx_word' id='word_1_165' title='bbox 607 2470 692 2551; x_wconf 89' lang='lat' dir='ltr'>quod</span> <span class='ocrx_word' id='word_1_166' title='bbox 713 2476 836 2555; x_wconf 92' lang='lat' dir='ltr'>tempus</span> <span class='ocrx_word' id='word_1_167' title='bbox 858 2470 1043 2553; x_wconf 90' lang='lat' dir='ltr'>accidisset,</span> <span class='ocrx_word' id='word_1_168' title='bbox 1066 2514 1232 2534; x_wconf 91' lang='grc'><strong>......</strong></span> <span class='ocrx_word' id='word_1_169' title='bbox 1254 2485 1393 2532; x_wconf 88' lang='lat' dir='ltr'>eommo-</span> 
     </span>
     <span class='ocr_line' id='line_1_21' title="bbox 262 2567 1395 2636; baseline -0.002 -3"><span class='ocrx_word' id='word_1_170' title='bbox 262 2567 312 2633; x_wconf 90' lang='lat' dir='ltr'>dis</span> <span class='ocrx_word' id='word_1_171' title='bbox 334 2587 464 2636; x_wconf 86' lang='lat' dir='ltr'>corum</span> <span class='ocrx_word' id='word_1_172' title='bbox 484 2589 536 2635; x_wconf 93' lang='lat' dir='ltr'>me</span> <span class='ocrx_word' id='word_1_173' title='bbox 556 2590 618 2635; x_wconf 92' lang='lat' dir='ltr'>non</span> <span class='ocrx_word' id='word_1_174' title='bbox 640 2569 837 2636; x_wconf 80' lang='lat' dir='ltr'>defuturnm‘.</span> <span class='ocrx_word' id='word_1_175' title='bbox 881 2573 1105 2635; x_wconf 85' lang='lat' dir='ltr'>Verumtamen</span> <span class='ocrx_word' id='word_1_176' title='bbox 1128 2567 1395 2634; x_wconf 86' lang='lat' dir='ltr'>recteKuehnast</span> 
     </span>
     <span class='ocr_line' id='line_1_22' title="bbox 265 2669 1393 2756; baseline -0.001 -23"><span class='ocrx_word' id='word_1_177' title='bbox 265 2669 303 2748; x_wconf 91' lang='lat' dir='ltr'>(l.</span> <span class='ocrx_word' id='word_1_178' title='bbox 326 2689 353 2735; x_wconf 90' lang='lat' dir='ltr'>c.</span> <span class='ocrx_word' id='word_1_179' title='bbox 375 2691 406 2754; x_wconf 89' lang='lat' dir='ltr'>p.</span> <span class='ocrx_word' id='word_1_180' title='bbox 430 2670 488 2755; x_wconf 78' lang='lat'>92)</span> <span class='ocrx_word' id='word_1_181' title='bbox 524 2671 618 2737; x_wconf 90' lang='lat' dir='ltr'>docet</span> <span class='ocrx_word' id='word_1_182' title='bbox 647 2691 736 2756; x_wconf 88' lang='lat' dir='ltr'>pron.</span> <span class='ocrx_word' id='word_1_183' title='bbox 768 2675 899 2754; x_wconf 84' lang='lat' dir='ltr'>,eorum‘</span> <span class='ocrx_word' id='word_1_184' title='bbox 931 2690 1032 2753; x_wconf 91' lang='lat' dir='ltr'>neque</span> <span class='ocrx_word' id='word_1_185' title='bbox 1061 2670 1104 2735; x_wconf 91' lang='lat' dir='ltr'>ad</span> <span class='ocrx_word' id='word_1_186' title='bbox 1134 2671 1257 2753; x_wconf 86' lang='lat' dir='ltr'>legatos</span> <span class='ocrx_word' id='word_1_187' title='bbox 1290 2686 1393 2750; x_wconf 83' lang='lat' dir='ltr'>neque</span> 
     </span>
     <span class='ocr_line' id='line_1_23' title="bbox 263 2768 1394 2855; baseline -0.003 -19"><span class='ocrx_word' id='word_1_188' title='bbox 263 2770 305 2836; x_wconf 89' lang='lat' dir='ltr'>ad</span> <span class='ocrx_word' id='word_1_189' title='bbox 326 2772 441 2837; x_wconf 86' lang='lat' dir='ltr'>multas</span> <span class='ocrx_word' id='word_1_190' title='bbox 463 2771 590 2837; x_wconf 87' lang='lat' dir='ltr'>Siciliae</span> <span class='ocrx_word' id='word_1_191' title='bbox 612 2772 715 2855; x_wconf 91' lang='lat' dir='ltr'>urbes,</span> <span class='ocrx_word' id='word_1_192' title='bbox 739 2791 870 2853; x_wconf 90' lang='lat' dir='ltr'>quarum</span> <span class='ocrx_word' id='word_1_193' title='bbox 892 2790 1020 2836; x_wconf 87' lang='lat' dir='ltr'>oausam</span> <span class='ocrx_word' id='word_1_194' title='bbox 1043 2771 1325 2852; x_wconf 86' lang='lat' dir='ltr'>defensionemque</span> <span class='ocrx_word' id='word_1_195' title='bbox 1343 2768 1394 2833; x_wconf 81' lang='lat' dir='ltr'>ci·</span> 
     </span>
     <span class='ocr_line' id='line_1_24' title="bbox 263 2870 1394 2956; baseline -0.002 -20"><span class='ocrx_word' id='word_1_196' title='bbox 263 2889 336 2940; x_wconf 91' lang='lat' dir='ltr'>cero</span> <span class='ocrx_word' id='word_1_197' title='bbox 365 2879 567 2956; x_wconf 89' lang='lat' dir='ltr'>suscepturus</span> <span class='ocrx_word' id='word_1_198' title='bbox 598 2873 653 2955; x_wconf 92' lang='lat' dir='ltr'>sit,</span> <span class='ocrx_word' id='word_1_199' title='bbox 688 2871 887 2937; x_wconf 87' lang='lat' dir='ltr'>referendum</span> <span class='ocrx_word' id='word_1_200' title='bbox 919 2891 1005 2955; x_wconf 90' lang='lat' dir='ltr'>esse,</span> <span class='ocrx_word' id='word_1_201' title='bbox 1045 2872 1102 2937; x_wconf 91' lang='lat' dir='ltr'>sed</span> <span class='ocrx_word' id='word_1_202' title='bbox 1129 2871 1172 2936; x_wconf 91' lang='lat' dir='ltr'>ad</span> <span class='ocrx_word' id='word_1_203' title='bbox 1193 2891 1243 2937; x_wconf 82' lang='lat' dir='ltr'>vv.</span> <span class='ocrx_word' id='word_1_204' title='bbox 1267 2870 1394 2952; x_wconf 85' lang='lat' dir='ltr'>,Siculis</span> 
     </span>
     <span class='ocr_line' id='line_1_25' title="bbox 264 2971 1394 3057; baseline -0.003 -18"><span class='ocrx_word' id='word_1_205' title='bbox 264 2972 420 3039; x_wconf 87' lang='lat' dir='ltr'>omnibus‘</span> <span class='ocrx_word' id='word_1_206' title='bbox 444 2972 550 3057; x_wconf 87' lang='lat' dir='ltr'>(initio</span> <span class='ocrx_word' id='word_1_207' title='bbox 572 2975 602 3053; x_wconf 65' lang='grc' dir='ltr'>ξ.</span> <span class='ocrx_word' id='word_1_208' title='bbox 624 2972 679 3056; x_wconf 79' lang='lat'>2),</span> <span class='ocrx_word' id='word_1_209' title='bbox 701 2972 746 3036; x_wconf 90' lang='lat' dir='ltr'>ita</span> <span class='ocrx_word' id='word_1_210' title='bbox 767 2978 800 3036; x_wconf 93' lang='lat' dir='ltr'>ut</span> <span class='ocrx_word' id='word_1_211' title='bbox 823 2978 932 3056; x_wconf 74' lang='grc' dir='ltr'><em>σχῆμα</em></span> <span class='ocrx_word' id='word_1_212' title='bbox 954 2971 1038 3037; x_wconf 77' lang='grc' dir='ltr'><strong><em>κατὰ</em></strong></span> <span class='ocrx_word' id='word_1_213' title='bbox 1062 2972 1194 3038; x_wconf 77' lang='grc' dir='ltr'>σύνεσιν</span> <span class='ocrx_word' id='word_1_214' title='bbox 1216 2990 1394 3056; x_wconf 90' lang='lat' dir='ltr'>proponen-</span> 
     </span>
     <span class='ocr_line' id='line_1_26' title="bbox 264 3070 1395 3154; baseline -0.001 -18"><span class='ocrx_word' id='word_1_215' title='bbox 264 3070 339 3136; x_wconf 89' lang='lat' dir='ltr'>dum</span> <span class='ocrx_word' id='word_1_216' title='bbox 367 3073 415 3138; x_wconf 90' lang='lat' dir='ltr'>sit.</span> <span class='ocrx_word' id='word_1_217' title='bbox 449 3111 481 3122; x_wconf 81' lang='lat'>-—</span> <span class='ocrx_word' id='word_1_218' title='bbox 526 3075 615 3138; x_wconf 86' lang='lat' dir='ltr'>Verr.</span> <span class='ocrx_word' id='word_1_219' title='bbox 637 3072 682 3137; x_wconf 91' lang='lat' dir='ltr'>IV</span> <span class='ocrx_word' id='word_1_220' title='bbox 703 3074 753 3154; x_wconf 86' lang='grc'>84,</span> <span class='ocrx_word' id='word_1_221' title='bbox 788 3092 881 3154; x_wconf 89' lang='lat' dir='ltr'>quem</span> <span class='ocrx_word' id='word_1_222' title='bbox 903 3073 1004 3137; x_wconf 89' lang='lat' dir='ltr'>locum</span> <span class='ocrx_word' id='word_1_223' title='bbox 1027 3071 1193 3136; x_wconf 87' lang='lat' dir='ltr'>Kuehnast</span> <span class='ocrx_word' id='word_1_224' title='bbox 1212 3072 1233 3136; x_wconf 93' lang='lat' dir='ltr'>l.</span> <span class='ocrx_word' id='word_1_225' title='bbox 1254 3072 1275 3136; x_wconf 91' lang='lat' dir='ltr'>l.</span> <span class='ocrx_word' id='word_1_226' title='bbox 1299 3071 1395 3136; x_wconf 92' lang='lat' dir='ltr'>simili</span> 
     </span>
     <span class='ocr_line' id='line_1_27' title="bbox 264 3172 1394 3256; baseline -0.001 -18"><span class='ocrx_word' id='word_1_227' title='bbox 264 3173 384 3239; x_wconf 84' lang='lat' dir='ltr'>ratione</span> <span class='ocrx_word' id='word_1_228' title='bbox 407 3173 562 3256; x_wconf 86' lang='lat' dir='ltr'>explicat,</span> <span class='ocrx_word' id='word_1_229' title='bbox 585 3192 654 3238; x_wconf 89' lang='lat' dir='ltr'>cum</span> <span class='ocrx_word' id='word_1_230' title='bbox 676 3193 762 3256; x_wconf 91' lang='lat' dir='ltr'>pron.</span> <span class='ocrx_word' id='word_1_231' title='bbox 789 3175 867 3256; x_wconf 90' lang='lat' dir='ltr'>,eos‘</span> <span class='ocrx_word' id='word_1_232' title='bbox 888 3193 950 3238; x_wconf 94' lang='lat' dir='ltr'>non</span> <span class='ocrx_word' id='word_1_233' title='bbox 976 3173 1018 3238; x_wconf 92' lang='lat' dir='ltr'>ad</span> <span class='ocrx_word' id='word_1_234' title='bbox 1048 3173 1182 3256; x_wconf 83' lang='lat' dir='ltr'>,legatos</span> <span class='ocrx_word' id='word_1_235' title='bbox 1203 3172 1394 3256; x_wconf 83' lang='lat' dir='ltr'>Tyndarita-</span> 
     </span>
     <span class='ocr_line' id='line_1_28' title="bbox 264 3272 1012 3357; baseline 0 -19"><span class='ocrx_word' id='word_1_236' title='bbox 264 3275 345 3356; x_wconf 88' lang='lat' dir='ltr'>nos‘,</span> <span class='ocrx_word' id='word_1_237' title='bbox 366 3273 424 3340; x_wconf 86' lang='lat' dir='ltr'>sed</span> <span class='ocrx_word' id='word_1_238' title='bbox 445 3272 679 3357; x_wconf 84' lang='lat' dir='ltr'>Tyndaritanos</span> <span class='ocrx_word' id='word_1_239' title='bbox 703 3280 827 3338; x_wconf 81' lang='lat' dir='ltr'>coactos</span> <span class='ocrx_word' id='word_1_240' title='bbox 848 3275 1012 3357; x_wconf 91' lang='lat' dir='ltr'>pertineat.</span> 
     </span>
    </p>

    <p class='ocr_par' dir='ltr' id='par_1_6' title="bbox 264 3371 1400 4364">
     <span class='ocr_line' id='line_1_29' title="bbox 347 3371 1396 3458; baseline -0.004 -17"><span class='ocrx_word' id='word_1_241' title='bbox 347 3374 376 3441; x_wconf 86' lang='lat'>2.</span> <span class='ocrx_word' id='word_1_242' title='bbox 408 3376 450 3438; x_wconf 89' lang='lat' dir='ltr'>At</span> <span class='ocrx_word' id='word_1_243' title='bbox 471 3374 599 3439; x_wconf 87' lang='lat' dir='ltr'>maioris</span> <span class='ocrx_word' id='word_1_244' title='bbox 621 3375 770 3439; x_wconf 85' lang='lat' dir='ltr'>momenti</span> <span class='ocrx_word' id='word_1_245' title='bbox 792 3380 864 3439; x_wconf 89' lang='lat' dir='ltr'>sunt</span> <span class='ocrx_word' id='word_1_246' title='bbox 884 3375 907 3438; x_wconf 93' lang='lat' dir='ltr'>ii</span> <span class='ocrx_word' id='word_1_247' title='bbox 928 3373 999 3457; x_wconf 88' lang='lat' dir='ltr'>loci,</span> <span class='ocrx_word' id='word_1_248' title='bbox 1023 3374 1076 3439; x_wconf 91' lang='lat' dir='ltr'>ubi</span> <span class='ocrx_word' id='word_1_249' title='bbox 1099 3393 1186 3458; x_wconf 92' lang='lat' dir='ltr'>pron.</span> <span class='ocrx_word' id='word_1_250' title='bbox 1208 3371 1396 3438; x_wconf 85' lang='lat' dir='ltr'>reflexivum</span> 
     </span>
     <span class='ocr_line' id='line_1_30' title="bbox 264 3473 1397 3561; baseline 0 -23"><span class='ocrx_word' id='word_1_251' title='bbox 264 3473 297 3538; x_wconf 95' lang='lat' dir='ltr'>in</span> <span class='ocrx_word' id='word_1_252' title='bbox 318 3475 474 3539; x_wconf 91' lang='lat' dir='ltr'>sententia</span> <span class='ocrx_word' id='word_1_253' title='bbox 495 3475 683 3540; x_wconf 90' lang='lat' dir='ltr'>secundaria</span> <span class='ocrx_word' id='word_1_254' title='bbox 704 3475 829 3561; x_wconf 81' lang='lat' dir='ltr'>ponitur</span> <span class='ocrx_word' id='word_1_255' title='bbox 836 3525 844 3558; x_wconf 95' lang='lat'>,</span> <span class='ocrx_word' id='word_1_256' title='bbox 876 3494 957 3557; x_wconf 88' lang='lat' dir='ltr'>quae</span> <span class='ocrx_word' id='word_1_257' title='bbox 978 3482 1121 3540; x_wconf 88' lang='lat' dir='ltr'>naturam</span> <span class='ocrx_word' id='word_1_258' title='bbox 1144 3473 1295 3538; x_wconf 88' lang='lat' dir='ltr'>orationis</span> <span class='ocrx_word' id='word_1_259' title='bbox 1316 3473 1397 3539; x_wconf 88' lang='lat' dir='ltr'>obli·</span> 
     </span>
     <span class='ocr_line' id='line_1_31' title="bbox 267 3573 1396 3660; baseline -0.001 -21"><span class='ocrx_word' id='word_1_260' title='bbox 267 3594 348 3658; x_wconf 91' lang='lat' dir='ltr'>quae</span> <span class='ocrx_word' id='word_1_261' title='bbox 380 3594 442 3639; x_wconf 94' lang='lat' dir='ltr'>non</span> <span class='ocrx_word' id='word_1_262' title='bbox 466 3575 674 3660; x_wconf 83' lang='lat' dir='ltr'>amplectitur.</span> <span class='ocrx_word' id='word_1_263' title='bbox 718 3575 786 3639; x_wconf 85' lang='lat' dir='ltr'>Hoc</span> <span class='ocrx_word' id='word_1_264' title='bbox 807 3594 865 3640; x_wconf 89' lang='lat' dir='ltr'>usu</span> <span class='ocrx_word' id='word_1_265' title='bbox 888 3576 1082 3640; x_wconf 91' lang='lat' dir='ltr'>enuntiatum</span> <span class='ocrx_word' id='word_1_266' title='bbox 1104 3573 1325 3639; x_wconf 89' lang='lat' dir='ltr'>secundarium</span> <span class='ocrx_word' id='word_1_267' title='bbox 1348 3594 1396 3638; x_wconf 88' lang='lat' dir='ltr'>ar·</span> 
     </span>
     <span class='ocr_line' id='line_1_32' title="bbox 265 3674 1398 3761; baseline -0.002 -20"><span class='ocrx_word' id='word_1_268' title='bbox 265 3676 387 3741; x_wconf 90' lang='lat' dir='ltr'>tissime</span> <span class='ocrx_word' id='word_1_269' title='bbox 419 3695 490 3740; x_wconf 91' lang='lat' dir='ltr'>oum</span> <span class='ocrx_word' id='word_1_270' title='bbox 524 3677 682 3743; x_wconf 91' lang='lat' dir='ltr'>sententia</span> <span class='ocrx_word' id='word_1_271' title='bbox 703 3676 866 3761; x_wconf 88' lang='lat' dir='ltr'>principali</span> <span class='ocrx_word' id='word_1_272' title='bbox 890 3678 1087 3743; x_wconf 90' lang='lat' dir='ltr'>coniunctum</span> <span class='ocrx_word' id='word_1_273' title='bbox 1110 3694 1181 3741; x_wconf 91' lang='lat' dir='ltr'>esse</span> <span class='ocrx_word' id='word_1_274' title='bbox 1204 3680 1235 3739; x_wconf 91' lang='lat' dir='ltr'>et</span> <span class='ocrx_word' id='word_1_275' title='bbox 1256 3675 1319 3741; x_wconf 92' lang='lat' dir='ltr'>duo</span> <span class='ocrx_word' id='word_1_276' title='bbox 1341 3674 1398 3740; x_wconf 89' lang='lat' dir='ltr'>illa</span> 
     </span>
     <span class='ocr_line' id='line_1_33' title="bbox 265 3776 1398 3860; baseline 0.001 -20"><span class='ocrx_word' id='word_1_277' title='bbox 265 3776 408 3841; x_wconf 89' lang='lat' dir='ltr'>seiuncta</span> <span class='ocrx_word' id='word_1_278' title='bbox 442 3777 583 3841; x_wconf 87' lang='lat' dir='ltr'>membra</span> <span class='ocrx_word' id='word_1_279' title='bbox 616 3777 765 3842; x_wconf 90' lang='lat' dir='ltr'>orationis</span> <span class='ocrx_word' id='word_1_280' title='bbox 800 3777 890 3858; x_wconf 89' lang='lat' dir='ltr'>quasi</span> <span class='ocrx_word' id='word_1_281' title='bbox 922 3778 1080 3843; x_wconf 84' lang='lat' dir='ltr'>adunam</span> <span class='ocrx_word' id='word_1_282' title='bbox 1104 3776 1398 3860; x_wconf 84' lang='lat' dir='ltr'>eorpuscongluti-</span> 
     </span>
     <span class='ocr_line' id='line_1_34' title="bbox 265 3876 1397 3962; baseline 0.003 -22"><span class='ocrx_word' id='word_1_283' title='bbox 265 3877 351 3959; x_wconf 95' lang='lat' dir='ltr'>nari,</span> <span class='ocrx_word' id='word_1_284' title='bbox 374 3876 543 3942; x_wconf 86' lang='lat' dir='ltr'>admodum</span> <span class='ocrx_word' id='word_1_285' title='bbox 566 3878 766 3962; x_wconf 89' lang='lat' dir='ltr'>perspicuum</span> <span class='ocrx_word' id='word_1_286' title='bbox 787 3884 843 3944; x_wconf 84' lang='lat' dir='ltr'>est.</span> <span class='ocrx_word' id='word_1_287' title='bbox 888 3879 952 3943; x_wconf 85' lang='lat' dir='ltr'>Sed</span> <span class='ocrx_word' id='word_1_288' title='bbox 974 3878 1054 3943; x_wconf 88' lang='lat' dir='ltr'>haec</span> <span class='ocrx_word' id='word_1_289' title='bbox 1076 3877 1204 3942; x_wconf 88' lang='lat' dir='ltr'>licentia</span> <span class='ocrx_word' id='word_1_290' title='bbox 1224 3897 1287 3941; x_wconf 92' lang='lat' dir='ltr'>non</span> <span class='ocrx_word' id='word_1_291' title='bbox 1309 3877 1397 3943; x_wconf 84' lang='lat' dir='ltr'>inve·</span> 
     </span>
     <span class='ocr_line' id='line_1_35' title="bbox 266 3977 1398 4064; baseline 0.002 -23"><span class='ocrx_word' id='word_1_292' title='bbox 266 3977 349 4042; x_wconf 92' lang='lat' dir='ltr'>nitur</span> <span class='ocrx_word' id='word_1_293' title='bbox 369 3977 455 4061; x_wconf 91' lang='lat' dir='ltr'>apud</span> <span class='ocrx_word' id='word_1_294' title='bbox 464 3977 649 4064; x_wconf 77' lang='lat' dir='ltr'>Ciceronem</span> <span class='ocrx_word' id='word_1_295' title='bbox 671 3979 730 4043; x_wconf 89' lang='lat' dir='ltr'>nisi</span> <span class='ocrx_word' id='word_1_296' title='bbox 750 3979 783 4042; x_wconf 95' lang='lat' dir='ltr'>in</span> <span class='ocrx_word' id='word_1_297' title='bbox 803 3978 913 4061; x_wconf 92' lang='lat' dir='ltr'>primis</span> <span class='ocrx_word' id='word_1_298' title='bbox 936 3980 1005 4044; x_wconf 88' lang='lat' dir='ltr'>eius</span> <span class='ocrx_word' id='word_1_299' title='bbox 1026 3979 1151 4062; x_wconf 91' lang='lat' dir='ltr'>scriptis</span> <span class='ocrx_word' id='word_1_300' title='bbox 1173 3983 1204 4042; x_wconf 91' lang='lat' dir='ltr'>et</span> <span class='ocrx_word' id='word_1_301' title='bbox 1225 3977 1257 4041; x_wconf 92' lang='lat' dir='ltr'>in</span> <span class='ocrx_word' id='word_1_302' title='bbox 1280 3978 1398 4061; x_wconf 87' lang='lat' dir='ltr'>epistu-</span> 
     </span>
     <span class='ocr_line' id='line_1_36' title="bbox 266 4077 1398 4162; baseline 0.003 -21"><span class='ocrx_word' id='word_1_303' title='bbox 266 4077 315 4141; x_wconf 90' lang='lat' dir='ltr'>lis.</span> <span class='ocrx_word' id='word_1_304' title='bbox 360 4080 463 4160; x_wconf 89' lang='lat' dir='ltr'>Atque</span> <span class='ocrx_word' id='word_1_305' title='bbox 483 4078 620 4161; x_wconf 85' lang='lat' dir='ltr'>Rebling</span> <span class='ocrx_word' id='word_1_306' title='bbox 640 4099 670 4162; x_wconf 89' lang='lat' dir='ltr'>p.</span> <span class='ocrx_word' id='word_1_307' title='bbox 692 4079 734 4146; x_wconf 86' lang='lat'>22</span> <span class='ocrx_word' id='word_1_308' title='bbox 765 4085 850 4144; x_wconf 90' lang='lat' dir='ltr'>recte</span> <span class='ocrx_word' id='word_1_309' title='bbox 882 4081 975 4145; x_wconf 89' lang='lat' dir='ltr'>docet</span> <span class='ocrx_word' id='word_1_310' title='bbox 995 4079 1081 4143; x_wconf 91' lang='lat' dir='ltr'>illum</span> <span class='ocrx_word' id='word_1_311' title='bbox 1103 4097 1194 4143; x_wconf 91' lang='lat' dir='ltr'>usum</span> <span class='ocrx_word' id='word_1_312' title='bbox 1215 4079 1256 4143; x_wconf 88' lang='lat' dir='ltr'>ad</span> <span class='ocrx_word' id='word_1_313' title='bbox 1279 4097 1398 4144; x_wconf 88' lang='lat' dir='ltr'>sermo-</span> 
     </span>
     <span class='ocr_line' id='line_1_37' title="bbox 266 4177 1400 4264; baseline 0 -19"><span class='ocrx_word' id='word_1_314' title='bbox 266 4196 339 4245; x_wconf 83' lang='lat' dir='ltr'>nem</span> <span class='ocrx_word' id='word_1_315' title='bbox 358 4177 517 4262; x_wconf 88' lang='lat' dir='ltr'>plebeium</span> <span class='ocrx_word' id='word_1_316' title='bbox 539 4179 750 4245; x_wconf 82' lang='lat' dir='ltr'>revocandum</span> <span class='ocrx_word' id='word_1_317' title='bbox 773 4197 859 4262; x_wconf 89' lang='lat' dir='ltr'>esse,</span> <span class='ocrx_word' id='word_1_318' title='bbox 893 4200 954 4264; x_wconf 90' lang='lat' dir='ltr'>qno</span> <span class='ocrx_word' id='word_1_319' title='bbox 976 4181 1148 4264; x_wconf 88' lang='lat' dir='ltr'>simplicior</span> <span class='ocrx_word' id='word_1_320' title='bbox 1169 4180 1400 4262; x_wconf 86' lang='lat' dir='ltr'>grammaticae</span> 
     </span>
     <span class='ocr_line' id='line_1_38' title="bbox 267 4279 1399 4364; baseline 0.002 -21"><span class='ocrx_word' id='word_1_321' title='bbox 267 4279 348 4344; x_wconf 88' lang='lat' dir='ltr'>ratio</span> <span class='ocrx_word' id='word_1_322' title='bbox 380 4298 501 4345; x_wconf 87' lang='lat' dir='ltr'>summe</span> <span class='ocrx_word' id='word_1_323' title='bbox 533 4281 707 4364; x_wconf 67' lang='lat' dir='ltr'>appetitum</span> <span class='ocrx_word' id='word_1_324' title='bbox 745 4279 783 4345; x_wconf 85' lang='lat' dir='ltr'>cf.</span> <span class='ocrx_word' id='word_1_325' title='bbox 806 4279 972 4347; x_wconf 87' lang='lat' dir='ltr'>Kuehnast</span> <span class='ocrx_word' id='word_1_326' title='bbox 997 4281 1017 4346; x_wconf 90' lang='lat' dir='ltr'>l.</span> <span class='ocrx_word' id='word_1_327' title='bbox 1040 4281 1060 4344; x_wconf 89' lang='lat' dir='ltr'>l.</span> <span class='ocrx_word' id='word_1_328' title='bbox 1090 4300 1165 4364; x_wconf 86' lang='lat' dir='ltr'>pgg.</span> <span class='ocrx_word' id='word_1_329' title='bbox 1189 4280 1250 4347; x_wconf 85' lang='lat'>103</span> <span class='ocrx_word' id='word_1_330' title='bbox 1274 4286 1306 4345; x_wconf 91' lang='lat' dir='ltr'>et</span> <span class='ocrx_word' id='word_1_331' title='bbox 1328 4282 1399 4348; x_wconf 79' lang='lat'><strong>104.</strong></span> 
     </span>
    </p>
   </div>
   <div class='ocr_carea' id='block_1_4' title="bbox 225 4377 1400 4567">
    <p class='ocr_par' dir='ltr' id='par_1_7' title="bbox 225 4377 1400 4567">
     <span class='ocr_line' id='line_1_39' title="bbox 225 4377 761 4467; baseline 0 -23"><span class='ocrx_word' id='word_1_332' title='bbox 225 4446 229 4467; x_wconf 68' lang='grc'>,</span> <span class='ocrx_word' id='word_1_333' title='bbox 267 4377 433 4466; x_wconf 88' lang='lat' dir='ltr'>Reperitur</span> <span class='ocrx_word' id='word_1_334' title='bbox 454 4381 538 4445; x_wconf 90' lang='lat' dir='ltr'>enim</span> <span class='ocrx_word' id='word_1_335' title='bbox 557 4381 645 4446; x_wconf 87' lang='lat' dir='ltr'>hisco</span> <span class='ocrx_word' id='word_1_336' title='bbox 666 4380 761 4446; x_wconf 89' lang='lat' dir='ltr'>locis:</span> 
     </span>
     <span class='ocr_line' id='line_1_40' title="bbox 350 4480 1400 4567; baseline 0.004 -21"><span class='ocrx_word' id='word_1_337' title='bbox 350 4480 418 4547; x_wconf 81' lang='lat' dir='ltr'>Inv.</span> <span class='ocrx_word' id='word_1_338' title='bbox 440 4480 456 4545; x_wconf 96' lang='grc' dir='ltr'>Ι</span> <span class='ocrx_word' id='word_1_339' title='bbox 477 4482 532 4549; x_wconf 77' lang='lat'>55:</span> <span class='ocrx_word' id='word_1_340' title='bbox 566 4482 661 4565; x_wconf 92' lang='lat' dir='ltr'>,quod</span> <span class='ocrx_word' id='word_1_341' title='bbox 684 4481 936 4567; x_wconf 79' lang='lat' dir='ltr'>Epaminondas,</span> <span class='ocrx_word' id='word_1_342' title='bbox 969 4481 1191 4548; x_wconf 81' lang='lat' dir='ltr'>Thebanorum</span> <span class='ocrx_word' id='word_1_343' title='bbox 1217 4481 1400 4566; x_wconf 89' lang='lat' dir='ltr'>imperator,</span> 
     </span>
    </p>
   </div>
   <div class='ocr_carea' id='block_1_5' title="bbox 0 0 1453 5040">
    <p class='ocr_par' dir='ltr' id='par_1_8' title="bbox 0 0 1453 5040">
     <span class='ocr_line' id='line_1_41' title="bbox 0 0 1453 5040; baseline 0 0"><span class='ocrx_word' id='word_1_344' title='bbox 0 0 1453 5040; x_wconf 95' lang='lat' dir='ltr'> </span> 
     </span>
    </p>
   </div>
  </div>
 </body>
</html>
