2880 5040
231 358 272 422 ,ιο
695 355 730 408 Η.
751 351 900 409 merimuth.

231 531 270 590 et
296 525 398 589 illud
419 523 489 607 quis
511 527 559 586 est
581 522 632 604 qui
655 520 801 586 dubitare
823 520 938 585 debeat
958 524 1020 604 -‘,
1042 522 1092 588 48.
1116 519 1186 587 155.
1209 519 1249 584 de
1272 538 1365 602 prov.

232 644 318 690 cons.
340 624 381 691 36
401 623 504 702 ,simul
527 628 559 686 et
580 623 657 686 illud
678 621 766 696 facit,
790 626 823 684 nt
842 624 904 700 -‘,
942 641 971 687 v.
1007 640 1056 703 ep.
1089 621 1131 685 ad
1152 621 1211 693 Qu.
1235 621 1271 683 fr.
1295 620 1312 681 I
1337 622 1364 698 l,

230 725 271 790 34
293 730 324 787 et
344 724 394 789 43.
438 721 561 787 Deinde
582 721 615 784 in
638 740 681 784 or.
705 739 734 802 p.
758 720 846 785 Balb.
869 721 909 786 65
932 720 1047 803 legitur
1069 719 1171 799 ,simul
1193 726 1224 784 et
1245 718 1303 783 illa
1325 756 1366 764 -

231 824 396 907 proponit‘.
420 859 460 869 -
503 822 647 902 Denique
669 820 701 883 in
724 819 811 884 Verr.
835 820 866 883 ΙΙ
888 821 929 886 50
949 840 998 884 vv.
1022 820 1182 902 leguntur:
1219 819 1281 896 ,Ex
1305 819 1366 883 bac

229 924 397 1005 iniquitate
418 923 509 987 istius
528 928 560 985 et
581 919 797 1003 improbitate,
820 920 957 1000 iudices,
987 918 1070 1000 qnod
1092 919 1214 1003 praeda
1236 937 1278 981 ex
1300 919 1365 982 illis

230 1022 321 1088 bonis
353 1021 395 1085 ad
423 1019 537 1085 mullos
564 1018 781 1102 Syracusanos
804 1066 811 1080 .
836 1067 843 1082 .
867 1067 874 1082 .
897 1026 1043 1100 venerat,
1077 1027 1105 1083 et
1138 1021 1195 1083 illo
1229 1018 1365 1100 scelera,

231 1140 312 1203 quae
335 1140 391 1204 per
411 1120 458 1184 Tb
462 1167 556 1184 .....
581 1117 774 1200 factasunt,
798 1120 930 1202 primum
953 1126 987 1183 ut
1009 1125 1068 1181 —‘.
1111 1120 1256 1200 Plerique
1280 1118 1367 1182 hunc

230 1222 249 1285 Ι.
272 1221 318 1286 sic
339 1222 597 1302 interpretantur,
635 1223 668 1281 nt
697 1218 908 1282 anacoluthon
935 1219 1134 1284 statuendum
1162 1237 1235 1283 esse
1264 1225 1367 1301 atque

229 1327 308 1404 part.
333 1320 466 1384 elidem
488 1318 669 1401 significare
692 1317 799 1382 dicant
821 1316 904 1399 quod
927 1321 1030 1382 etium.
1072 1321 1114 1382 At
1141 1338 1181 1382 ex
1212 1320 1365 1384 orationi-

228 1419 287 1483 bus
320 1420 395 1483 mibi
423 1420 550 1500 quidem
578 1418 664 1482 nulla
693 1423 758 1481 tam
781 1417 919 1481 insolens
941 1418 1037 1483 dictio
1059 1424 1134 1483 nota
1157 1424 1221 1499 est3
1252 1418 1366 1501 itaque

229 1519 372 1602 suspicor
406 1520 469 1582 iam
500 1518 695 1601 perantiquis
729 1518 923 1600 temporibus
952 1519 1031 1582 baec
1052 1539 1101 1582 vv.
1125 1518 1268 1611 mutilata
1292 1538 1366 1584 esse

229 1618 474 1700 Ciceronemque
495 1619 661 1701 scripsisse
686 1655 736 1695 ,—
758 1625 901 1699 cenaret,
922 1625 1055 1682 mancat
1075 1619 1130 1682 illa
1150 1618 1295 1682 scelera‘.

312 1723 350 1781 et
372 1706 451 1797 bic,
474 1737 505 1800 p.
529 1718 588 1793 Qu.
612 1718 654 1783 94
684 1720 769 1799 ,spes
798 1722 847 1781 est
878 1724 907 1781 et
926 1717 1008 1781 burte
1029 1719 1176 1782 miserum
1199 1723 1298 1798 atquc
1318 1719 1362 1782 in-

228 1816 351 1881 felicem
373 1817 543 1898 aliquando
572 1817 699 1881 tandem
726 1835 820 1899 posse
842 1818 1039 1897 consistere,
1074 1819 1121 1882 sic
1149 1817 1256 1898 codd,
1292 1837 1365 1883 eum

228 1916 353 1980 Iuntina
385 1917 501 1981 babeat
533 1936 619 1999 ,spes
642 1922 690 1980 est
711 1915 813 1981 bunc‘.
856 1916 994 1980 Maxime
1022 1917 1105 1981 enim
1126 1917 1293 1999 probabile
1316 1925 1366 1982 est

228 2015 413 2099 particulam
436 2017 611 2099 pronomini
633 2016 736 2098 ,hune‘
758 2015 898 2080 additam
912 2037 953 2080 ex
969 2016 1175 2081 antecedente
1197 2020 1267 2095 ,est‘
1291 2038 1364 2103 pro-

228 2117 340 2178 lectam
364 2134 435 2180 esse
459 2116 611 2200 (Reisig.)
635 2116 729 2198 idque
752 2115 812 2180 boc
833 2117 936 2198 magis
969 2116 1094 2199 probari
1123 2122 1243 2199 potest,
1277 2121 1365 2201 quod

230 2222 259 2279 et
280 2214 309 2278 h.
333 2215 353 2277 Ι.
376 2217 551 2279 sententiae
572 2235 635 2279 non
658 2216 812 2281 convenit.

310 2319 348 2377 et
374 2314 463 2396 ipse
486 2343 530 2374 =
552 2320 608 2380 καὶ
629 2313 730 2393 αὐτός
765 2317 812 2398 (v.
836 2317 942 2379 Anton
970 2335 1000 2398 p.
1024 2317 1064 2380 47
1092 2320 1123 2379 et
1144 2314 1366 2381 Hirschfelder

227 2413 259 2476 in
281 2409 435 2478 Fleckeis‘.
459 2415 571 2479 Annal.
596 2414 673 2481 1871
705 2435 780 2497 pgg.
803 2414 864 2481 203
887 2419 918 2478 et
938 2414 1017 2498 204)
1048 2420 1193 2496 quattuor
1221 2415 1302 2480 loeis
1330 2416 1365 2479 in

228 2512 292 2577 Cic.
315 2512 403 2577 libris
424 2513 553 2594 legitnr3
586 2515 643 2578 sed
672 2517 766 2579 etiam
794 2516 826 2577 bi
852 2514 991 2596 suspecti
1013 2521 1094 2578 sunt.
1138 2516 1208 2579 Duo
1230 2515 1363 2598 quidem

228 2612 375 2696 perparvi
396 2618 468 2676 sunt
489 2615 655 2696 momenti,
683 2615 766 2696 quod
793 2614 863 2678 libri
884 2613 1049 2679 fluctuant:
1082 2615 1147 2678 lnv.
1171 2615 1203 2677 Il
1225 2616 1245 2682 7
1267 2617 1364 2698 ,sicut

228 2717 259 2776 et
281 2713 361 2795 ipse‘
385 2711 492 2792 (codd.
506 2711 616 2778 Bamb.
640 2713 769 2778 saec.X
791 2721 822 2777 et
843 2714 938 2779 'luric
970 2714 1073 2798 ,sicuti
1095 2714 1204 2797 ipse‘);
1227 2715 1271 2779 ad
1294 2716 1360 2780 Att.

228 2811 395 2893 V1117,1
433 2813 630 2894 ,praesertim
665 2820 696 2878 et
730 2814 809 2897 ipse‘
848 2813 949 2895 (Med.
979 2814 1164 2897 praesertim
1203 2835 1240 2877 ec
1269 2815 1363 2899 ipse‘,

229 2910 366 2975 Hirscbf.
388 2913 417 2975 t's
436 2912 524 2995 epse).
717 2901 720 2909 ⁴

298 3011 432 3093 *Reliqui
456 3017 560 3076 autem
583 3013 642 3076 etsi
664 3012 739 3083 nibil
763 3017 956 3095 compertum
979 3012 1132 3077 habemus
1154 3012 1194 3077 de
1216 3015 1363 3079 codicum

228 3109 457 3193 discrepantia,
492 3113 630 3194 speciem
661 3119 766 3177 tamen
794 3112 990 3194 corruptelae
1019 3132 1095 3196 prac
1117 3133 1152 3177 se
1174 3113 1292 3178 lerunt:
1330 3136 1362 3197 p.

228 3207 321 3274 caeo.
336 3209 376 3275 58
396 3210 434 3293 ,si
457 3216 528 3276 tuus
550 3231 659 3277 servus
680 3212 784 3276 nullus
805 3212 898 3276 luerit
921 3218 952 3276 et
973 3230 1083 3277 omnes
1104 3213 1200 3277 alieni
1224 3233 1264 3278 ac
1281 3234 1364 3280 mer-

228 3309 382 3391 cennarii,
417 3315 521 3374 tamen
544 3319 573 3374 et
592 3314 655 3394 ipsi
683 3311 808 3396 (Halm,
833 3311 954 3394 Baiter,
976 3312 1113 3376 Hirscbl.
1139 3315 1167 3376 ei
1186 3313 1263 3396 apsi)
1287 3321 1364 3380 tuae

228 3409 369 3472 familiae
390 3428 508 3491 genere
530 3416 562 3474 et
583 3411 709 3476 nomine
730 3412 995 3491 continebuntur,
1019 3412 1060 3476 ad
1083 3415 1145 3476 Att.
1167 3411 1222 3494 IV,
1244 3415 1275 3494 b,
1298 3435 1365 3497 quo

229 3507 361 3573 deloco
383 3509 461 3574 satis
484 3509 606 3573 difficili
626 3530 656 3574 v.
679 3512 815 3576 Hirscbl‘.

311 3609 376 3691 qui
400 3614 451 3687 et,
473 3608 591 3675 Verr.I
612 3611 653 3676 71
674 3611 746 3691 ,nisi
769 3630 844 3676 vero
866 3611 943 3676 illud
965 3611 1058 3695 dicet,
1081 3612 1164 3697 quod
1185 3619 1214 3676 et
1234 3611 1268 3676 in
1286 3613 1364 3678 Tet-

228 3707 263 3770 tii
285 3709 464 3774 testimonio
486 3710 590 3792 priore
612 3711 736 3777 actione
759 3711 970 3795 interpellavit
986 3712 1197 3791 Hortensius‘;
1219 3713 1262 3777 de
1283 3717 1363 3794 §.11

228 3809 260 3871 in
283 3804 369 3873 Verr.
392 3809 408 3873 Ι
429 3828 458 3872 v.
480 3809 538 3872 sub
560 3809 594 3892 c)
618 3813 675 3892 (et
697 3858 704 3872 .
729 3859 736 3873 .
760 3859 766 3873 .
790 3811 948 3894 quoqne‘).

216 3943 221 3947 -
313 3909 487 3989 elalius,
511 3908 602 3972 Rosc.
617 3909 654 3973 A.
667 3909 709 3976 92
730 3910 824 3991 ,Quid
838 3917 880 3990 tu,
902 3912 938 3974 Τ.
956 3910 1073 3975 Rosci?
1092 3911 1145 3974 ubi
1167 3918 1241 3976 tunc
1265 3915 1364 3978 eras?

229 4007 365 4072 Romae:
399 4028 507 4073 verum
536 4008 612 4090 quid
638 4009 680 4073 ad
707 4009 795 4072 rem?
830 4016 861 4073 et
889 4011 943 4073 alii
965 4010 1078 4089 multi‘;
1112 4011 1154 4077 94
1175 4011 1289 4091 ‚fateor
1311 4034 1365 4079 me

230 4113 385 4173 sectorem
408 4127 495 4188 esse,
517 4128 624 4172 verum
646 4109 751 4172 etalii
773 4109 881 4172 multi‘.
925 4109 989 4174 Sed
1011 4131 1040 4175 v.
1063 4112 1102 4195 y)
1125 4111 1216 4175 buius
1238 4115 1271 4191 ξ04

312 4209 347 4289 β)
370 4213 494 4272 etcum
520 4208 708 4272 adverbio
729 4211 822 4273 simul
843 4209 1014 4293 copulatur.
1058 4210 1221 4274 Locutioni
1250 4213 1365 4278 simul

230 4311 268 4369 et
295 4307 438 4370 omnibus
468 4308 532 4373 fere
556 4309 633 4373 locis
655 4328 825 4391 pronomen
847 4309 973 4391 aliquod
995 4309 1150 4391 succedit,
1183 4312 1253 4375 sive
1283 4321 1366 4395 part.

231 4411 260 4468 et
280 4423 349 4470 cum
371 4425 512 4490 pronom.
536 4407 716 4490 colliganda
738 4413 786 4472 est
807 4408 874 4474 sive
896 4408 1059 4473 cum'adv.
1080 4411 1175 4473 simul
1202 4413 1366 4478 artissime
