2880 5040
238 336 259 404 6
698 339 732 394 Η.
750 338 901 396 Hellmuth.

238 508 349 591 1875);
372 509 421 575 cui
443 508 545 576 adieci
567 511 730 594 parvulum
753 512 840 577 illum
862 512 1004 595 quidem,
1027 512 1084 576 sed
1105 512 1254 577 eximium
1276 512 1367 576 libel-

237 609 300 674 lum
325 610 578 675 Buecheleri:
621 611 801 692 ,Grundriss
835 613 892 679 der
924 613 1130 678 lateinischen
1158 613 1368 689 Declination,

237 710 328 792 1866,
352 711 486 794 denique
499 711 624 795 inspexi
646 720 676 776 et
698 712 874 795 ubicunque
896 732 974 796 opus
996 719 1064 777 erat
1078 714 1220 796 excerpsi
1242 713 1368 778 Keilii

238 811 405 876 editionem
429 813 713 894 ,grammaticorum
733 813 909 878 latinorum‘
934 813 1104 880 raso-70.

319 911 411 988 Quod
433 918 538 977 autem
559 913 670 978 attinet
691 914 732 978 ad
754 916 917 998 syntaxin,
951 915 1040 996 quasi
1068 914 1151 977 viam
1178 912 1254 976 mihi
1276 933 1365 978 mun-

236 1012 348 1076 stravit
371 1012 599 1094 Draegerus
621 1015 701 1079 libro
722 1033 780 1079 suo
801 1015 974 1095 luculento,
997 1013 1049 1096 qui
1072 1014 1263 1078 inscribitur:
1299 1013 1367 1095 ,Hi-

239 1113 393 1178 storische
415 1114 538 1197 Syntax
560 1114 616 1178 der
637 1114 689 1179 lat.
713 1114 864 1198 Spraohe‘
894 1121 925 1179 et
951 1114 1073 1179 libello:
1106 1114 1223 1195 ,Ueber
1243 1115 1368 1197 Syntax

236 1213 299 1277 und
322 1213 381 1278 Stil
405 1215 462 1278 des
484 1212 623 1280 Tacitus‘
647 1215 737 1281 1874.
782 1216 980 1298 Quamquam
1013 1216 1073 1279 hoe
1105 1214 1206 1277 minus
1228 1215 1365 1298 proban-

237 1312 309 1377 dum
345 1319 408 1395 est,
443 1314 524 1396 quod
553 1316 600 1379 vir
622 1315 677 1401 ille
704 1316 814 1381 doetus
835 1322 1005 1400 praecepta
1025 1334 1100 1379 usus
1123 1314 1271 1397 loquendi
1293 1334 1364 1398 per-

236 1432 333 1496 saepe
355 1413 513 1496 significat
535 1415 638 1498 potius
660 1436 754 1498 quam
775 1423 922 1481 accurate
943 1416 1148 1500 persequitur,
1170 1421 1265 1498 atque
1282 1414 1367 1480 adeo

235 1515 333 1579 multa
356 1517 516 1598 proponit,
546 1536 627 1598 quae
648 1536 710 1581 non
731 1517 825 1583 certis
846 1518 983 1581 nituntur
1006 1515 1224 1581 fundamentis.
1269 1516 1366 1580 Prae·

236 1620 323 1680 terea
345 1617 466 1700 perlegi
489 1616 637 1699 perutiles
658 1616 755 1681 libros
778 1618 1031 1682 Kuehnastii:
1055 1618 1124 1696 ,Die
1138 1617 1366 1700 Hauptpunkte

236 1716 292 1780 der
303 1716 527 1781 Livianischen
541 1718 674 1801 Syntax‘
696 1724 728 1782 et
749 1719 926 1781 Antonii:
948 1718 1089 1799 ‚Studien
1111 1737 1164 1782 zur
1186 1718 1239 1784 lat.
1253 1718 1366 1782 Gram-

235 1817 335 1880 matik
357 1836 386 1881 u.
410 1815 565 1898 Stilistik‘,
596 1819 700 1883 llrfurt
721 1818 803 1885 1889
826 1819 868 1901 (Ι)
891 1825 923 1881 et
945 1819 1024 1886 1873
1048 1819 1118 1903 (ΙΙ).
1161 1819 1211 1882 Ad
1232 1819 1289 1883 hos
1310 1837 1365 1882 au·

233 1922 297 1981 tem
320 1917 428 1982 addidi
450 1918 631 1984 notissimos
653 1919 693 1983 de
713 1920 921 2002 grammatica
943 1925 1010 1984 arte
1032 1921 1242 2002 conscriptos,
1276 1917 1363 1983 velut

236 2017 422 2101 Zumptii,
445 2017 653 2101 Madvigii,
683 2018 902 2100 Kuehneri‚
932 2019 1147 2101 Schultzii,
1169 2019 1364 2102 Reisigii3

235 2118 310 2183 item
322 2118 537 2183 Tursellini
560 2125 591 2183 et
609 2119 722 2183 Ferd.
736 2119 884 2184 Handii
907 2119 947 2184 de
968 2120 1129 2204 particulis
1150 2120 1256 2185 latinis
1279 2140 1363 2185 eom-

235 2219 415 2282 mentarios.
457 2219 600 2301 Denique
634 2221 762 2284 multum
796 2220 915 2283 fruetus
947 2221 1017 2303 cepi
1050 2239 1088 2283 err
1111 2221 1365 2302 praeclarissima

235 2318 430 2401 Madvigii
462 2320 600 2384 editione
622 2320 684 2404 (ΙΙΙ
708 2319 807 2403 1876)
833 2320 992 2386 Ciceronis
1013 2321 1162 2385 librorum
1195 2322 1240 2385 de
1274 2322 1363 2385 fini-

236 2418 305 2483 bus
340 2428 371 2485 et
399 2421 643 2486 eKuehneri
676 2421 812 2485 editione
847 2420 1011 2502 (V1874)
1046 2421 1364 2486 Tusculanarum

237 2520 491 2604 disputationum.

318 2621 396 2686 Cum
418 2626 522 2685 autem
545 2620 638 2702 prisci
661 2622 813 2687 sermonis
835 2621 915 2686 ratio
937 2620 1085 2685 habenda
1106 2628 1187 2704 erat,
1218 2623 1364 2707 inspioie-

233 2721 305 2785 bam
328 2721 569 2786 commentarios
591 2721 723 2785 Brixii
755 2728 786 2787 et
819 2721 1022 2804 Lorenzii‚
1053 2723 1166 2805 quibus
1188 2724 1363 2806 complures

234 2821 335 2884 Plauti
369 2821 493 2886 fabulas
516 2827 765 2905 exornaverunt,
803 2829 834 2886 et
862 2823 1057 2906 singularum
1079 2823 1218 2888 Terentii
1240 2824 1362 2889 fabula-

235 2941 303 2985 rum
327 2921 523 3015 editiunesa
543 2922 779 3004 Meissnero,
802 2921 1015 3006 Wagnero,
1039 2923 1256 3007 Spengelio
1279 2944 1362 2989 com-

235 3022 396 3086 mentariis
424 3022 609 3104 instructas,
647 3024 781 3106 denique
816 3023 962 3089 Holtzii
999 3026 1158 3107 ‚syntaxin
1189 3026 1363 3109 priscorum

235 3122 339 3206 script.
362 3122 471 3188 latin‘.
488 3163 529 3170 —
571 3124 620 3188 De
649 3144 792 3189 sermone
819 3124 965 3190 familiari
992 3132 1118 3208 praesto
1140 3125 1216 3189 milri
1238 3125 1364 3191 fuerunt

235 3223 439 3306 Reblingii
470 3224 609 3289 libellus:
653 3224 804 3305 ,Versuch
826 3225 913 3288 einer
934 3224 1185 3290 Charakteristik
1207 3226 1264 3290 der
1285 3234 1363 3294 rdm.

235 3323 545 3407 Umgangssprache‘
575 3332 606 3388 et
634 3325 814 3390 Stinneri
848 3332 1084 3409 programmata
1112 3326 1189 3391 duo:
1233 3327 1280 3392 De
1313 3347 1362 3407 eo,

235 3444 296 3507 quo
318 3425 428 3489 Cicero
450 3427 482 3488 in
504 3425 646 3508 epistolis
668 3445 742 3490 usus
765 3433 812 3490 est
833 3445 993 3507 sermone,
1018 3427 1108 3490 1851.
1131 3426 1219 3494 1860.

317 3525 478 3608 Sequitur,
514 3531 547 3589 ut
579 3527 619 3591 de
652 3527 744 3590 tertio
778 3527 881 3609 capite
914 3544 994 3608 quae
1022 3545 1101 3610 opus
1123 3533 1193 3591 sunt
1218 3547 1361 3610 praemo-

234 3645 336 3690 neam.
380 3627 416 3689 ln
439 3645 477 3691 eo
499 3628 581 3690 enim
604 3627 757 3691 eiusmodi
789 3627 944 3691 vocabula
976 3627 1027 3691 vel
1058 3627 1247 3706 locutiones,
1280 3648 1362 3710 quae

234 3727 398 3809 nequead
421 3727 576 3791 elementa
598 3727 825 3809 grammaticae
847 3746 948 3809 neque
976 3727 1017 3790 ad
1039 3728 1187 3808 syntaxim
1210 3730 1362 3794 concinne

234 3827 464 3892 accommodari
487 3834 626 3910 possunt,
650 3828 894 3893 considerantur.
938 3826 1001 3891 Sed
1024 3827 1063 3892 de
1088 3829 1148 3892 hac
1169 3830 1291 3893 ratione
1313 3850 1362 3894 oo-

234 3928 352 4012 piosius
375 3928 406 3991 in
429 3928 624 4012 praelatione
649 3928 720 3991 huic
742 3929 836 4011 capiti
866 3929 1042 4012 praemissa
1070 3929 1186 4010 dicam3
1219 3949 1301 3993 nuno
1330 3931 1362 3994 in

234 4030 453 4093 enumerandis
476 4034 595 4092 tantum
619 4028 770 4092 subsidiis
791 4048 908 4109 versor,
931 4047 1011 4110 quae
1033 4030 1119 4094 illam
1142 4035 1263 4113 partem
1286 4031 1361 4093 mihi

232 4130 434 4193 illustrarunt.
479 4130 526 4193 lla
554 4129 636 4192 enim
664 4130 800 4193 manime
835 4129 1032 4194 continentur
1065 4129 1211 4194 lexicis
1244 4131 1360 4209 latinis,

235 4250 363 4313 quorum
387 4229 466 4294 haec
488 4230 563 4294 mihi
586 4235 712 4312 praesto
735 4236 839 4294 erant:

316 4331 531 4396 Forcellini
555 4331 669 4414 (1805)
703 4330 831 4414 eiusque
853 4337 965 4395 auctae
996 4336 1026 4395 et
1054 4330 1275 4396 emendatioris
1297 4331 1354 4394 edi·

233 4433 344 4517 tionis,
367 4431 527 4515 quam-de
550 4431 614 4495 Vit
634 4431 789 4516 suscepit,
812 4438 918 4515 partes
941 4431 1044 4497 adhuc
1065 4431 1224 4514 vulgatae,
1247 4432 1361 4497 deinde
