2880 5040
154 340 176 409 2
599 342 821 416 emamus.

155 512 214 592 lio,
248 510 423 576 orationum
445 509 644 576 Verrinarum
672 512 745 577 libri
766 512 839 594 VH,
872 510 1029 576 orationes
1063 531 1118 595 pro
1140 486 1282 592 Fonteio,

45 613 48 618 '
155 631 212 696 pro
234 611 372 677 Caecina
396 610 533 675 habitae.

239 712 297 777 His
319 713 401 777 enim
424 730 503 794 quas
525 711 591 775 dixi
619 711 817 777 orationibus
839 717 894 776 aut
916 710 992 776 solis
1026 718 1080 776 aut
1111 713 1282 777 maximam

155 818 276 898 partem
294 832 352 878 eae
371 812 524 877 sermonis
537 812 746 896 proprietates
768 814 972 891 continentur,
995 813 1035 876 de
1057 813 1168 896 quibus
1191 812 1281 877 nobis

155 914 320 979 dicendum
356 913 423 977 erit.
479 915 521 977 At
559 913 585 976 si
627 913 696 995 quis
725 913 913 978 contendere
949 913 1066 979 audeat
1093 914 1145 978 hic
1179 920 1282 979 certos

154 1014 232 1104 fines
253 1014 464 1100 terminosque
486 1032 556 1079 esse
577 1013 829 1096 constituendos,
863 1020 952 1079 extra
980 1032 1058 1097 quos
1087 1014 1196 1098 egredi
1225 1014 1281 1078 mi-

154 1115 237 1180 nime
273 1115 385 1196 liceat,
421 1115 514 1179 nimis
548 1114 700 1179 audacem
733 1120 827 1197 atque
855 1115 936 1180 adeo
958 1133 1137 1198 perversam
1159 1121 1283 1180 tueatur

155 1217 351 1281 sententiam.
395 1215 527 1280 Etiamsi
558 1215 710 1299 plurimae
743 1235 820 1280 sane
852 1216 977 1280 dicendi
1004 1217 1212 1301 proprietates
1239 1217 1282 1280 ad

155 1335 211 1382 eas
232 1316 391 1382 orationes
411 1315 609 1381 revocandae
631 1322 716 1398 sunt,
740 1335 821 1399 quae
843 1322 916 1381 ante
938 1336 967 1383 a.
986 1317 1026 1384 69
1048 1323 1079 1382 et
1100 1316 1227 1381 habitae
1251 1323 1283 1381 et

154 1417 291 1500 scriptae
313 1421 401 1494 sunt,
423 1417 539 1481 multae
560 1422 664 1480 tamen
687 1423 872 1500 permanant
893 1417 924 1480 in
947 1417 1152 1499 posteriores,
1175 1437 1193 1481 e
1214 1417 1281 1500 qui-

154 1519 212 1583 bus
234 1517 310 1582 mihi
332 1516 484 1601 imprimis
506 1516 664 1582 orationes
685 1535 742 1599 pro
763 1498 906 1582 Olbentio
935 1523 966 1582 et
992 1518 1032 1582 de
1060 1516 1132 1599 lege
1155 1517 1283 1600 agraria

155 1621 215 1684 buc
236 1617 420 1683 referendae
441 1636 511 1682 erse
533 1616 687 1681 videntur.

236 1718 271 1784 Si
292 1737 367 1783 vero
388 1723 474 1783 recte
496 1717 559 1782 dici
581 1722 684 1801 potest
706 1717 888 1782 Ciceronem
910 1736 1009 1800 usque
1037 1716 1080 1781 ad
1100 1737 1129 1781 a.
1152 1716 1218 1781 lere
1241 1716 1282 1784 69

153 1819 251 1885 multa
271 1817 456 1900 admisisse,
489 1836 570 1901 quae
597 1817 729 1900 posthac
748 1817 892 1882 reiecerit
913 1837 951 1882 ac
972 1819 1153 1898 removerit,
1186 1836 1280 1900 quae-

153 1920 285 1984 rendum
308 1925 365 2001 est,
387 1919 545 2002 quomodo
568 1917 686 1983 factum
708 1919 758 2000 sit,
782 1924 814 1982 ut
835 1937 1012 1983 sermonem
1034 1938 1124 1983 suum
1146 1918 1177 1982 in
1200 1919 1282 1984 banc

153 2021 204 2085 vel
235 2020 322 2085 illam
349 2024 470 2104 partem
497 2019 671 2085 mutaverit.
715 2019 755 2083 Et
781 2018 814 2083 id
846 2019 972 2101 quidem
1000 2037 1063 2083 non
1085 2017 1211 2083 difficile
1234 2024 1282 2083 ert

153 2120 193 2185 ad
215 2119 475 2203 cognoscendum.
518 2119 619 2183 Nemo
631 2120 714 2184 enirn
731 2119 870 2184 nascitur
891 2118 1015 2188 artifex.
1057 2120 1167 2201 ltaque
1188 2138 1280 2184 nemo

152 2220 287 2304 scriptor
307 2220 349 2284 ab
370 2219 458 2284 initio
480 2220 652 2285 orationem
674 2238 763 2284 suam
785 2219 971 2303 perpolitam
994 2225 1025 2284 et
1044 2225 1204 2302 tamquam
1225 2219 1280 2283 ab·

152 2321 285 2386 solutam
317 2320 428 2402 habet,
466 2320 523 2384 sed
559 2319 781 2404 progressione
811 2320 953 2385 discendi
990 2325 1021 2384 et
1041 2320 1199 2386 scribendi
1221 2340 1281 2385 usu

152 2421 311 2506 proprium
332 2421 486 2486 sermonis
508 2421 556 2485 sui
578 2419 718 2484 habitum
743 2421 883 2485 assumit.
929 2420 1022 2497 Quod
1054 2440 1127 2486 vere
1162 2422 1280 2486 dictum

151 2541 223 2588 esse
245 2541 263 2586 e
284 2521 373 2586 libris
394 2519 496 2585 Taciti
530 2520 582 2585 vel
602 2520 683 2585 Livii
716 2520 767 2585 vel
795 2521 980 2605 scriptorum
1011 2528 1138 2587 nostrae
1166 2523 1280 2587 aetatis

151 2621 396 2687 luculentissime
417 2621 617 2704 intellegitur.
661 2621 770 2704 anue
792 2622 946 2687 sermonis
967 2621 1117 2703 varietas,
1145 2642 1225 2705 quae
1248 2624 1280 2688 in

151 2723 311 2788 Ciceronis
331 2721 420 2786 libris
443 2721 577 2787 diversis
598 2722 791 2806 temporibus
818 2722 944 2806 scriptis
976 2723 1128 2804 cernitur,
1161 2723 1193 2787 in
1221 2722 1281 2788 boc

151 2823 303 2907 scriptore
325 2840 364 2886 eo
384 2822 488 2905 magis
511 2822 664 2906 explicari
685 2827 803 2906 potest,
837 2822 921 2905 quod
942 2822 1005 2887 iam
1026 2823 1280 2889 adolescentulus

151 2923 192 2989 ad
214 2922 350 2987 studium
372 2922 588 2988 scribendine
610 2923 792 2988 contulerat.

233 3023 462 3103 Hucaccedit,
484 3024 567 3106 quod
588 3042 709 3089 summo
731 3043 826 3108 opere
847 3024 1017 3108 nitebatur,
1048 3030 1082 3090 ut
1104 3044 1279 3090 sermonem

151 3123 297 3188 Latinum
331 3126 513 3190 emendaret
540 3131 635 3207 atque
655 3125 826 3190 illustraret
847 3130 878 3189 et
898 3125 1017 3190 iudicia
1037 3126 1214 3209 aequalium
1238 3127 1280 3191 ad

152 3224 316 3289 certiorem
339 3244 481 3290 normam
504 3225 667 3308 dirigerct3
690 3226 729 3292 cf.
741 3225 843 3290 Taciti
866 3226 991 3309 Dialog.
1014 3227 1054 3292 de
1078 3233 1168 3292 oratt.
1191 3246 1216 3290 o.
1239 3228 1280 3294 22

151 3331 183 3389 et
205 3324 332 3399 Quintil.
356 3324 388 3389 X
411 3332 438 3408 l,
462 3326 532 3392 112.
575 3325 685 3408 Itaque
709 3331 740 3389 et
762 3332 811 3389 est
832 3331 863 3389 et
885 3325 1017 3391 habetur
1039 3328 1221 3391 emendator
1242 3347 1280 3392 ac

151 3430 307 3490 corrector
336 3425 463 3509 linguae
491 3426 622 3491 Latinae
659 3428 864 3508 omnibusque
896 3427 1088 3510 temporibus
1121 3435 1279 3510 tamquam

151 3527 313 3610 exemplar
343 3527 520 3609 propositus
552 3532 600 3591 est
629 3527 671 3591 ad
703 3527 897 3591 imitandum.
942 3526 1006 3590 Sed
1027 3527 1131 3592 multis
1154 3529 1279 3592 demum

151 3627 263 3692 studiis
284 3627 474 3709 assiduoque
496 3626 621 3690 dicendi
643 3627 861 3710 scribendique
883 3646 941 3692 usu
958 3628 1130 3692 orationem
1149 3629 1191 3692 ad
1209 3648 1279 3693 eam

151 3729 341 3811 elegantiam
364 3747 402 3792 ac
423 3728 645 3793 sublimitatem
668 3728 813 3808 excoluit,
836 3746 916 3810 quae
931 3729 998 3792 cius
1018 3747 1132 3793 nomen
1154 3729 1278 3794 immor-

150 3829 205 3893 tali
226 3828 348 3911 gloriae
370 3827 609 3893 commendavit.
651 3828 764 3893 Nonne
786 3829 881 3911 igitur
903 3829 1102 3893 statuendum
1124 3837 1172 3893 est
1193 3830 1279 3894 illum

151 3930 281 4012 egregie
302 3929 448 3993 subtilem
470 3935 640 4009 oratorem,
675 3948 755 4011 quae
777 3930 865 3993 initio
888 3929 949 3993 sibi
971 3928 1144 3994 indulserat
1164 3949 1280 4013 aspera

152 4030 203 4093 vel
225 4030 330 4114 prisca
351 4030 524 4109 vocabula,
546 4048 585 4093 ea
606 4036 728 4111 postea,
751 4049 820 4094 cum
843 4030 999 4093 excultam
1022 4029 1129 4094 iudicii
1153 4030 1279 4112 elegan-

151 4130 226 4193 tiam
260 4136 446 4195 conseoutus
482 4136 582 4210 esset,
614 4131 775 4213 respuisse
807 4135 900 4213 atque
931 4129 1128 4213 politioribus
1157 4150 1278 4213 permu-

151 4230 260 4295 tasse?

235 4329 340 4404 Quid?
374 4324 457 4413 quod
479 4331 588 4396 Cicero
610 4331 679 4414 ipse
708 4330 918 4415 compluribus
940 4330 1017 4396 locis
1039 4348 1164 4393 suorum
1186 4329 1279 4394 libro·

98 4487 100 4495 ,
152 4449 239 4514 rum,
261 4429 403 4513 inprimis
424 4450 531 4496 eorum
552 4430 605 4514 qui
627 4431 761 4514 ,Brutus‘
784 4436 815 4496 ct
835 4430 971 4512 ,Orator‘
991 4430 1209 4513 inscribuntur,
1231 4429 1278 4493 iti-
