2880 5040
152 344 195 408 54
615 347 648 401 Η.
669 346 817 406 Hellmuth.

152 465 1285 602 ummmsmmmfflffmmmmm

230 632 290 678 nec
325 614 464 697 (neque)
499 615 600 679 solum
631 661 639 677 .
668 664 676 680 .
703 665 711 680 .
740 617 799 682 sed
830 617 1061 712 6116611611·
1088 618 1119 684 6.
1143 617 1219 683 Oct
1248 655 1286 665 -

151 712 216 778 llil.
239 712 290 779 12.
311 713 391 778 Phil.
413 713 443 779 6.
1154 725 1157 729 ’

125 828 127 840 ¹
233 831 296 877 non
326 813 428 878 solum
456 859 464 878 .
493 864 500 878 .
531 860 539 876 .
569 814 641 896 scd,
673 814 754 880 Tull.
787 851 823 862 -
854 815 947 882 (laec.
977 814 1027 884 17.
1062 817 1143 899 Imp.
1179 817 1216 881 P.
1247 813 1286 863 ‘—

151 912 317 979 1161628.
340 912 421 977 Phil.
443 912 472 980 2.

162 1099 167 1106 ⁵
232 1030 335 1094 neque
357 1011 444 1097 (nec)
465 1012 566 1078 solum
589 1059 596 1076 .
620 1060 628 1076 .
651 1060 659 1076 .
683 1013 750 1095 scd,
772 1014 808 1078 R.
821 1014 859 1078 A.
882 1017 910 1079 1.
933 1014 1021 1079 Verr.
1042 1015 1072 1079 4.
1093 1013 1177 1097 Imp.
1198 1013 1233 1079 P.
1247 1053 1287 1061 -
1317 1055 1319 1058 >

151 1111 258 1207 Plano.
280 1117 310 1178 5.
334 1112 413 1175 Phil.
436 1112 466 1179 6.

234 1230 296 1275 666
318 1211 417 1275 66166
439 1230 501 1276 666
524 1257 532 1274 .
554 1260 559 1274 .
579 1232 592 1276 ·.
614 1213 804 1295 sedetiam,
826 1212 906 1276 Mur.
935 1215 964 1293 ξ.
987 1200 1169 1289 84116161.
1193 1216 1223 1294 §-
1249 1213 1288 1279 10

153 1310 242 1392 (sine
264 1311 412 1392 ,etiam‘).
1310 1386 1314 1396 ,

169 1428 171 1436 ·
234 1428 295 1474 666
309 1409 410 1474 66166
423 1457 430 1473 .
441 1457 449 1473 .
462 1409 521 1473 sed
533 1428 667 1490 quoquc,
679 1409 745 1474 166.
758 1409 833 1476 150.
851 1410 944 1476 Caco.
956 1414 984 1492 ξ.
992 1411 1042 1478 86.
1061 1412 1141 1494 Imp.
1150 1410 1186 1476 P.
1195 1409 1226 1493 ξ.
1235 1412 1284 1478 64.

233 1527 295 1574 non
317 1508 411 1574 modo
440 1528 503 1573 non
532 1556 600 1574 ...
629 1507 687 1573 sed
715 1509 824 1591 61166,
847 1508 935 1574 Verr.
960 1517 985 1576 1.
1010 1509 1132 1576 cluent.
1162 1554 1199 1563 -
1224 1512 1284 1576 De-

152 1609 205 1675 iot.
227 1608 278 1675 21.
300 1608 381 1672 Phil.
402 1610 431 1673 4.

233 1726 297 1773 666
330 1707 423 1773 modo
457 1726 519 1772 non
645 1706 719 1786 sed,
742 1706 809 1771 lnv.
832 1708 860 1774 2.
892 1707 926 1771 R.
949 1709 987 1772 A.
1011 1711 1040 1777 1.
1071 1709 1104 1773 in
1134 1709 1232 1776 Caco.
1255 1712 1283 1775 1.

152 1805 240 1871 Verr.
263 1807 292 1872 3.
316 1806 438 1873 Cluent.
461 1843 498 1854 -
522 1807 601 1872 Rab.
623 1807 658 1874 P.
681 1806 731 1873 22.
755 1806 836 1872 Phil.
859 1807 889 1874 3.

235 1909 266 1988 6)
289 1905 373 1970 Non
395 1906 508 1972 modo
530 1926 606 1972 non
705 1925 835 1972 verum
857 1927 933 1972 66.
960 1955 968 1970 .
992 1907 1165 1989 quidem,
1188 1908 1229 1972 R.
1246 1912 1284 1973 A.

152 2009 181 2086 ξ.
205 2006 254 2072 54.
289 2006 309 2069 l.
337 2025 404 2089 agr.
427 2005 442 2068 I
465 2006 503 2073 17
539 2013 587 2084 (6.
614 2026 655 2072 m.
679 2054 686 2070 .
710 2052 718 2067 .
741 2027 770 2074 6.
800 2026 830 2072 n.
860 2009 945 2091 66.),
979 2006 1020 2074 cf.
1043 2009 1108 2072 Att
1129 2007 1146 2070 Ι
1170 2008 1227 2091 11,
1251 2011 1284 2089 1,

151 2105 231 2189 rpbl.
253 2105 372 2188 11136,
394 2106 445 2172 42.

233 2223 297 2271 666
316 2204 410 2269 modo
436 2203 531 2288 (non,
553 2204 671 2288 nullus,
694 2223 867 2286 nunquam,
885 2204 982 2285 nihil)
1006 2253 1014 2271 .
1039 2253 1047 2269 .
1070 2254 1078 2270 .
1101 2206 1161 2270 sed
1182 2225 1224 2271 ne
1247 2255 1284 2274 ..

152 2305 290 2389 quidem,
312 2306 379 2370 166.
402 2304 432 2371 2.
456 2303 516 2380 Qu.
539 2341 580 2350 -
602 2303 695 2369 Caco.
716 2304 767 2370 45.
789 2306 869 2389 Imp.
891 2305 925 2370 P.
947 2340 988 2349 —
1010 2304 1089 2368 Phil.
1111 2304 1164 2372 49.

234 2423 296 2471 non
328 2404 431 2470 solum
459 2422 581 2469 non..
608 2449 615 2464 .
644 2404 702 2468 sed
733 2423 774 2469 ne
799 2452 807 2467 .
832 2455 838 2470 .
862 2404 1004 2486 quidem,
1026 2406 1116 2494 Verr.
1141 2404 1283 2473 111225.

151 2505 216 2572 Pis.
237 2491 278 2572 23
302 2508 350 2584 (6.
371 2522 398 2568 6.
420 2555 427 2569 .
451 2551 459 2567 .
481 2553 489 2568 .
512 2521 537 2567 6.
559 2522 589 2567 6.
612 2506 694 2585 qu).

235 2603 305 2668 Hac
326 2603 366 2668 dc
395 2603 581 2685 quaestione
612 2621 717 2686 pauca
748 2600 838 2665 affert
859 2602 1084 2686 Stuerenburg.
1113 2603 1157 2668 ad
1183 2623 1230 2668 or.
1253 2623 1282 2686 p.

152 2703 244 2768 Aroh.
266 2704 299 2767 in
321 2722 396 2786 pgg.
419 2702 551 2768 34-36.
594 2702 643 2766 Ex
665 2703 704 2766 iis
726 2707 850 2783 autem,
880 2721 961 2783 quae
984 2703 1043 2767 sub
1066 2722 1128 2768 uno
1151 2710 1284 2788 aspectu

152 2823 211 2868 nos
227 2806 399 2887 posuimus,
421 2802 523 2867 elucet
538 2803 656 2867 formas
677 2822 752 2867 non
773 2801 888 2867 modo
912 2853 919 2866 .
945 2853 951 2867 .
976 2856 981 2867 .
1005 2821 1139 2867 verum
1162 2804 1283 2879 61166

154 2909 185 2968 61
205 2921 279 2967 666
300 2903 411 2968 modo
434 2921 651 2982 ...verum
674 2901 789 2965 deinde
811 2921 885 2966 non
906 2902 1033 2967 solum
1056 2953 1063 2968 .
1086 2953 1094 2968 .
1117 2953 1124 2967 .
1148 2922 1283 2967 verum

154 3002 277 3067 ctiam
301 3002 333 3066 iri
358 3003 514 3087 prioribus
543 3003 736 3068 orationibus
768 3002 891 3065 ratione
917 3002 1046 3066 minoris
1079 3000 1191 3065 harum
1215 3020 1284 3068 ora·

153 3103 272 3167 tionum
293 3104 415 3166 numeri
437 3102 548 3167 habita
570 3103 698 3184 saepius
719 3120 875 3184 apparere
891 3120 985 3182 quam
998 3102 1030 3164 in
1043 3101 1283 3184 posterioribus.

153 3203 325 3267 Praetores
355 3202 558 3287 perspicuum
586 3208 635 3267 est
655 3220 710 3266 eas
740 3201 875 3283 formas,
909 3219 991 3282 quae
1022 3200 1180 3266 vocabula
1208 3221 1284 3268 non

153 3302 278 3367 solum
302 3303 465 3384 exhibent,
498 3303 530 3366 in
559 3303 683 3366 duabus
711 3301 820 3385 primis
850 3300 1043 3365 orationibus
1071 3300 1199 3366 omnino
1222 3321 1285 3364 non

155 3408 299 3484 exstare,
332 3402 394 3466 nisi
423 3421 454 3485 p.
477 3403 569 3467 Rosc.
591 3404 629 3465 A.
652 3401 692 3468 62
723 3420 844 3483 neque
875 3400 999 3465 solum
1029 3400 1193 3466 ...sed
1224 3400 1285 3466 huc

154 3520 348 3567 revocamus.
379 3501 557 3566 Particulae
579 3501 715 3581 denique
737 3519 810 3564 non
831 3500 944 3566 modo
965 3519 1041 3564 non
1064 3547 1098 3565 ..
1120 3547 1128 3562 .
1150 3519 1284 3564 rerum

126 3681 131 3690 .
154 3619 200 3665 nc
222 3654 228 3667 .
254 3649 261 3663 .
285 3601 440 3682 quidem
462 3602 493 3664 in
516 3601 580 3665 (lic.
603 3601 691 3665 libris
713 3600 1002 3691 universisquater
1022 3599 1236 3664 inveniuntur.

237 3704 268 3781 6.
295 3701 345 3768 66.
395 3702 450 3764 De
485 3700 699 3783 particulis
743 3700 1016 3764 disiunctivis.
1070 3699 1106 3762 In
1140 3700 1285 3765 oratione

155 3800 381 3865 conformanda
403 3800 484 3866 adeo
507 3801 617 3865 Cicero
640 3801 880 3864 concinnitatem
907 3800 1064 3881 sequitur,
1091 3804 1125 3863 ut
1152 3800 1285 3864 undevi-

155 3901 220 3965 cics
251 3900 502 3966 lucrationibus
530 3901 725 3983 reperiamus
747 3900 847 3982 ‚sive
867 3937 909 3945 —
928 3900 1038 3980 sive‘‚
1070 3917 1133 3963 uno
1162 3905 1285 3964 tantum

101 4053 105 4060 .
156 4000 227 4065 1666
251 4001 351 4082 (Verr.
374 3992 403 4063 V
427 4001 500 4080 152)
529 4002 626 4082 ,sive
646 4037 688 4046 —
708 4016 777 4064 seu
798 4036 839 4045 —
861 4002 948 4064 seu‘.
992 3999 1201 4080 Frequentius
1232 4020 1284 4063 seu

155 4099 188 4164 in
209 4100 309 4165 altero
343 4101 494 4165 orationis
524 4102 664 4165 membro
697 4099 911 4182 comparativo
939 4099 1064 4181 ‚potius‘
1092 4098 1283 4180 adiungitur,

158 4200 211 4280 qui
233 4218 308 4264 usus
331 4202 469 4284 priorum
492 4200 667 4266 orationum
689 4201 754 4263 fere
774 4199 920 4282 proprius
943 4203 1005 4261 est:
1035 4215 1115 4278 ,seu
1137 4199 1282 4282 potius‘

157 4284 1281 4384 pmmmwummmsmmumm

157 4399 227 4481 poll.
255 4419 287 4487 p.
309 4399 397 4472 Cael.
423 4401 462 4466 18
495 4401 583 4489 (6166
607 4449 614 4468 .
636 4449 643 4463 .
667 4443 675 4462 .
703 4399 771 4463 6166
802 4399 938 4482 potius).
981 4397 1059 4460 Item
1092 4397 1135 4461 ad
1162 4400 1281 4483 priores
