2880 5040
471 370 596 426 Priorum
615 369 672 426 Cic.
691 370 846 427 orationum
866 386 966 427 sermo.
1242 368 1284 437 25

154 544 262 605 autem
284 539 394 606 Cicero
426 538 494 605 sine
527 538 623 605 dubio
645 539 799 605 vocabula
821 540 931 606 similis
954 559 1065 607 sensns
1088 558 1128 604 ac
1147 538 1284 604 notionis

154 639 201 704 illi
223 640 376 721 antetulit,
398 639 484 704 velut
505 640 683 723 ,acerbitas
706 641 872 724 asperitas,
894 642 1062 722 severitas,
1084 641 1241 723 impetus‘.

238 740 524 830 sanctimonia,
547 760 578 824 p.
596 740 717 817 Quinct.
736 742 785 807 55.
799 741 849 809 93.
871 761 901 825 p.
916 742 994 806 Rab.
1017 742 1071 822 30;
1093 741 1133 808 cf.
1156 740 1198 806 ad
1219 740 1283 806 He-

152 860 241 907 renn.
265 841 310 905 IV
329 842 395 907 44.

237 940 509 1022 castimonia,
527 940 614 1004 Verr.
641 939 685 1003 lV
708 941 777 1007 102.
820 940 909 1006 Idem
937 961 1052 1008 nomen
1081 941 1195 1024 legitur
1216 940 1283 1024 qui·

153 1042 227 1107 dem
250 1041 345 1108 etiam
366 1062 396 1125 p.
410 1040 496 1106 (lael.
511 1041 566 1105 11:
590 1058 659 1120 ,sua
675 1041 832 1123 gravitate
855 1048 887 1106 et
907 1042 1118 1123 castimonia‘;
1141 1042 1199 1107 sed
1220 1041 1283 1107 h.l.

153 1142 267 1208 Cicero
288 1131 432 1207 consulto
454 1160 532 1206 voce
565 1141 773 1223 ,castimonia‘
806 1161 881 1207 usus
904 1162 975 1207 esse
997 1143 1122 1208 videtur
1143 1162 1200 1227 pro
1222 1161 1284 1223 ,ca-

152 1242 257 1308 stitas‘
278 1249 407 1327 propter
429 1241 620 1306 antecedens
643 1260 757 1306 nomen
779 1243 951 1324 ,gravitas‘.

238 1344 267 1424 ξ.
289 1343 339 1410 28.
383 1342 651 1408 Substantiva
671 1343 855 1407 verbalia
875 1344 915 1407 in
936 1345 971 1408 io
993 1343 1201 1409 exeuntia.

238 1442 443 1523 Interitio,
465 1441 553 1507 Verr.
577 1441 625 1506 ΙΙΙ
647 1441 707 1508 125
730 1461 788 1525 pro
810 1444 939 1525 vulgato
961 1445 1087 1509 nomine
1108 1444 1284 1525 ,interitus‘.

238 1543 404 1625 reditio,
439 1542 526 1607 Verr.
553 1543 568 1607 1
602 1544 637 1610 16
674 1561 731 1625 pro
765 1550 940 1627 pervagato
974 1545 1098 1609 nomine
1134 1544 1284 1627 ,reditus‘.

151 1644 224 1709 Hoc
257 1645 306 1709 usi
334 1649 406 1709 sunt
432 1644 576 1727 inprimis
607 1643 754 1724 Plautus,
784 1645 967 1727 Terentius,
998 1646 1115 1727 Varro,
1149 1644 1285 1728 deniqne

151 1740 301 1811 Caeso.
322 1765 354 1828 g.
376 1744 444 1824 15,
467 1744 496 1810 3.

237 1844 479 1926 amandatio,
502 1844 596 1908 Rosa.
619 1844 656 1908 A.
676 1844 727 1925 44,
749 1840 807 1911 ein.
828 1847 894 1926 ter.

238 1945 461 2027 sauciatio,
488 1943 616 2009 Caecin.
638 1944 687 2010 43.
732 1945 821 2009 Haec
842 1965 905 2010 vox
927 1946 1013 2030 apud
1034 1946 1130 2010 alium
1152 1945 1283 2028 scripto-

150 2065 221 2111 rem
244 2052 371 2110 exstare
394 2064 456 2109 non
478 2045 618 2123 videtnr;
643 2044 700 2109 sed
722 2045 790 2109 eius
812 2045 898 2111 vices
920 2046 1107 2112 vocabulum
1129 2046 1283 2127 ,vnlnera-

150 2146 209 2211 tio‘
233 2146 383 2229 sustinet,
405 2146 488 2228 quod
511 2165 531 2210 a
551 2145 655 2210 Tullio
677 2145 710 2209 in
732 2145 844 2210 eadem
865 2165 909 2211 or.
930 2148 971 2213 47
992 2146 1220 2231 suppeditatur.

238 2245 358 2310 Eodem
381 2245 512 2311 forsitan
535 2245 690 2330 pertineat
716 2265 830 2311 nomen
856 2247 1037 2328 relictio,
1071 2247 1155 2330 quod
1188 2251 1219 2312 et
1251 2245 1284 2310 in

151 2346 243 2412 Verr.
265 2345 279 2408 l
302 2346 343 2412 35
358 2347 481 2437 ⁸legitur
503 2347 597 2410 etad
618 2347 683 2410 Att.
705 2346 793 2428 XVI,
815 2347 845 2429 7,
867 2348 896 2414 5.

238 2449 267 2526 θ.
290 2445 340 2512 29.
383 2446 695 2511 Incommodare.
739 2447 788 2511 Ex
813 2466 942 2511 numero
971 2466 1078 2512 eorum
1107 2447 1283 2530 verborum,

152 2565 237 2631 qnae
263 2546 304 2611 ab
330 2547 495 2613 adiectivis
521 2548 674 2631 originem
696 2547 828 2629 ducunt,
863 2548 959 2613 veluti
982 2549 1156 2631 integrare,
1190 2566 1284 2613 unum

151 2647 327 2733 proferam:
1013 2652 1016 2657 '

237 2747 548 2829 incommodare,
582 2770 613 2832 p.
644 2749 766 2826 Quinct,
796 2749 836 2815 51
872 2747 1165 2832 ,incommodarint¹.
1213 2746 1284 2813 Hoc

152 2837 325 2933 praeterea
343 2848 500 2913 invenitur
521 2848 563 2912 de
585 2848 676 2913 fin.V
692 2849 741 2930 19,
753 2849 794 2917 50
816 2851 859 2935 (v.
882 2849 1021 2932 Madvig.
1043 2848 1117 2913 adn.
1140 2847 1181 2913 ad
1202 2845 1233 2912 h.
1246 2845 1288 2932 l.)‘

152 2953 187 3013 et
207 2949 240 3013 in
263 2967 313 3033 ep.
335 2949 378 3014 ad
399 2949 459 3032 Qu.
482 2948 520 3013 fr.
543 2947 609 3030 12,
632 2950 688 3015 10:
725 2949 1049 3032 ,incommodaturum‘
1072 2949 1189 3033 (Palat.
1212 2948 1282 3032 IV).

153 3048 235 3112 Aliis
257 3055 362 3114 autem
383 3048 461 3114 locis
483 3048 564 3113 haee
585 3049 671 3114 notio
693 3050 834 3114 redditur
855 3051 1000 3134 cognatis
1021 3050 1126 3114 verbis
1158 3055 1213 3114 aut
1238 3048 1284 3113 lo-

153 3149 346 3231 cutionibus,
369 3150 471 3214 velut:
493 3150 754 3233 ,incommodum,
777 3150 995 3215 detrimentum
1017 3150 1144 3231 aderre3
1166 3151 1282 3215 incom-

153 3248 249 3315 modo
271 3268 359 3331 esse,
381 3250 528 3332 officere,
551 3252 694 3328 obstare,
717 3251 882 3316 molestum
904 3255 986 3316 esse‘
1008 3256 1066 3318 etc.

432 3417 468 3483 Β.
512 3418 557 3485 De
579 3418 805 3503 compositione
826 3419 1004 3485 verborum.

237 3553 267 3631 ξ.
289 3550 340 3617 30.
374 3550 588 3618 Praefatio.
631 3551 756 3616 Dicenti
779 3552 853 3615 mihi
875 3552 908 3615 in
929 3552 989 3616 hoc
1009 3550 1113 3634 capite
1136 3549 1176 3615 de
1198 3569 1281 3614 corn-

154 3650 312 3734 positione
334 3653 500 3717 verborum
522 3652 664 3737 inprimis
693 3653 725 3715 id
753 3652 987 3736 compositionis
1014 3670 1115 3734 genus
1136 3657 1281 3735 spectan-

154 3750 229 3815 dum
262 3757 324 3829 est,
360 3753 443 3835 qnod
475 3751 763 3838 praepositionibus
797 3752 939 3817 eflicitur.
994 3752 1084 3819 Unde
1116 3769 1279 3817 cernemus

154 3852 311 3936 permulta
332 3853 516 3937 composita,
538 3860 571 3918 ut
592 3853 733 3917 omittam
756 3853 916 3936 epistulas,
941 3873 961 3917 a
982 3853 1133 3917 Cicerone
1155 3869 1195 3914 ea
1214 3855 1282 3915 tan-

154 3958 220 4018 tum
241 3958 347 4016 aetate
368 3953 522 4034 adhibita,
543 3973 606 4037 qna
627 3954 668 4017 ad
689 3953 826 4016 studium
848 3953 1006 4018 scribendi
1023 3972 1057 4017 se
1074 3956 1281 4032 converterat,

154 4058 328 4138 posteaque
351 4054 391 4117 ab
413 4073 451 4118 eo
473 4054 598 4120 abiecta
619 4072 700 4118 esse.
745 4053 836 4130 Quod
863 4074 924 4117 non
947 4053 1074 4118 fortuito
1094 4060 1149 4116 aut
1170 4051 1211 4115 ad
1232 4070 1281 4117 ar·

155 4154 280 4219 bitrinm
303 4153 464 4238 scriptoris
487 4153 604 4218 factum
627 4173 707 4231 esse,
729 4153 786 4218 sed
808 4153 854 4216 illi
875 4152 987 4218 rationi
1010 4158 1128 4217 certum
1150 4152 1282 4217 subesse

152 4254 334 4333 consilium,
367 4275 409 4319 ex
437 4273 475 4319 eo
505 4254 642 4319 maxime
673 4254 881 4336 intellegitur,
916 4253 998 4337 quod
1024 4253 1080 4318 illa
1106 4255 1282 4339 composita

152 4355 305 4441 pleraque
327 4354 368 4420 ad
390 4373 491 4438 genus
513 4354 661 4420 cotidiani
690 4355 844 4419 sermonis
860 4347 1033 4418 accedunt.
1076 4354 1164 4419 Illius
1198 4354 1280 4419 enim

151 4455 314 4542 proprium
335 4460 385 4521 ent
404 4455 544 4521 dilucida
564 4474 603 4521 ac
625 4454 855 4538 significantia,
883 4454 958 4537 quin
987 4452 1082 4519 etiam
1103 4453 1280 4520 redundan-
