2880 5040
472 370 596 428 Priorum
618 370 674 428 (lio.
693 371 850 428 orationum
868 388 969 429 sermo.
1249 373 1286 435 11

239 540 268 620 ξ.
291 537 339 603 10.
390 538 626 606 Pronomina
658 541 962 626 interrogativa.
1018 541 1112 626 Apud
1147 540 1286 607 comicos

154 638 301 721 antiquos
323 639 451 724 saepius
473 660 560 725 prou.
583 642 647 725 qui
667 662 725 727 pro
747 642 836 726 quis
859 644 889 707 in
912 641 1032 707 directa
1041 641 1288 725 interrogatione

154 745 338 822 usurpatam
373 759 445 806 esse
480 742 586 807 docuit
612 743 702 809 Neue
725 744 755 808 II
777 743 848 811 210.
891 743 955 808 Sed
977 743 1088 808 Cicero
1110 761 1234 825 quoque
1255 742 1288 806 in

154 858 201 905 or.
224 859 255 923 p.
278 840 369 907 Rosa.
392 843 429 907 A.
453 841 654 927 suscripsit:
691 845 766 927 ‚qui
800 845 918 928 primur
940 844 1100 908 Ameriam
1132 842 1288 908 nuntiat‘?

154 959 346 1023 quamquam
368 940 515 1008 Baiterus
538 948 569 1007 et
590 943 735 1009 Halmius
755 945 847 1028 ,quis‘
868 943 1018 1029 probant,
1045 942 1212 1008 relativum
1234 948 1288 1007 aut

154 1041 199 1106 ad
221 1042 416 1126 praecedens
437 1042 551 1108 Roscio
573 1051 628 1109 aut
648 1045 691 1110 ad
711 1064 846 1127 sequens
868 1044 1001 1109 Mallius
1034 1061 1132 1128 prave
1152 1063 1172 1108 a
1194 1043 1287 1107 libra-

153 1142 211 1207 riis
233 1143 365 1207 relatum
387 1161 458 1208 esee
482 1145 552 1209 rati.
595 1145 741 1210 Ceterum
765 1146 791 1210 is
814 1164 887 1210 usus
909 1145 1002 1209 etiam
1026 1145 1066 1209 de
1087 1144 1150 1226 leg.
1163 1142 1211 1207 ΠΙ
1238 1145 1287 1224 15,

154 1243 198 1310 34
220 1248 340 1307 exstat:
360 1243 424 1327 ,qui
446 1251 550 1309 autem
572 1264 633 1310 nou
656 1245 751 1310 sentit
772 1265 895 1312 omnem
918 1245 1135 1311 auctoritatem
1156 1243 1287 1329 optima-

154 1343 234 1407 tium
264 1342 461 1410 tabellariam
490 1346 594 1429 legem
626 1344 838 1425 abstulisse‘l‘,
872 1365 965 1429 quam
998 1345 1164 1410 lectionem
1195 1344 1287 1411 codd.

154 1443 246 1509 Leid.
269 1446 306 1509 A.
329 1451 361 1510 et
382 1443 417 1512 B.
439 1447 604 1530 praebent·

240 1544 276 1609 ln
307 1545 419 1610 eadem
451 1565 495 1613 or.
527 1568 557 1630 p.
577 1548 668 1614 Rose.
691 1546 729 1612 A.
752 1548 812 1616 107
845 1566 865 1611 a
896 1545 986 1610 libris
1020 1547 1159 1630 optimae
1193 1552 1288 1612 uotae

153 1643 250 1710 lectio
272 1643 452 1711 exhibetur:

241 1747 525 1828 ,numquisnam
551 1748 751 1833 praetereal‘
793 1748 881 1812 Haeo
908 1745 1025 1826 forma,
1059 1764 1140 1829 quae
1160 1744 1288 1830 saepius

154 1844 242 1930 apud
262 1845 443 1913 Terentium
464 1848 595 1932 legitur,
628 1849 810 1914 neutraliter
838 1848 943 1932 posita
964 1847 995 1911 in
1018 1846 1081 1911 Cic.
1103 1847 1123 1911 l.
1147 1847 1187 1912 de
1209 1851 1287 1911 orat.

152 1946 188 2010 ΙΙ
210 1947 250 2012 13
271 1946 405 2031 legitur,
437 1948 489 2013 ubi
517 1948 703 2015 familiarem
726 1967 902 2015 sermonem
924 1948 1049 2012 imitans
1072 1947 1220 2012 Crassum
1241 1947 1288 2011 in·

153 2052 369 2128 terrogautem
390 2049 524 2115 inducit:
555 2049 649 2132 ,Quid
671 2069 728 2115 vos
751 2050 894 2129 tandem,
916 2048 1157 2130 numquidnam,
1179 2048 1288 2131 iuquit,

153 2145 264 2212 novi?‘
296 2148 389 2213 etde
410 2149 461 2216 fin.
483 2150 498 2213 l
519 2150 560 2218 39
581 2151 612 2215 in
634 2151 784 2215 familiari
808 2150 935 2233 dialogo
957 2168 1039 2230 ‚uum
1052 2149 1200 2231 quidnam
1223 2168 1288 2213 ma-

154 2267 216 2312 nus
237 2253 293 2313 tua
313 2249 361 2314 sie
381 2249 511 2333 affecta,
539 2251 803 2334 quemadmodum
826 2251 939 2316 affecta
960 2268 1043 2315 nunc
1064 2255 1128 2332 est,
1163 2250 1288 2314 deside·

154 2348 241 2413 rat?‘
283 2349 376 2416 Unde
397 2349 492 2415 facile
514 2352 706 2435 intellegitur
726 2371 764 2417 eo
784 2352 870 2434 loco,
905 2351 939 2414 iu
971 2369 1033 2433 quo
1065 2369 1147 2415 nuno
1169 2369 1288 2434 versor,

153 2449 344 2534 scripturam
376 2451 594 2517 nonnullorum
626 2453 718 2519 codd.
740 2451 966 2518 Oxoniensium
998 2470 1084 2533 ‚num
1116 2453 1290 2537 quiequom‘

152 2549 322 2636 probatam
343 2549 467 2617 Klotzio
489 2553 680 2619 reiciendum
703 2572 785 2620 esse.

238 2653 267 2731 ξ.
290 2651 340 2717 11.
384 2653 437 2718 De
459 2655 694 2737 pronomine
716 2654 954 2739 possessivo
976 2652 1099 2718 euius.
1143 2652 1286 2735 Egene·

152 2752 221 2817 tivo
241 2754 433 2835 pronominis
455 2754 673 2838 interrogativi
700 2755 793 2839 ,quis‘
823 2755 999 2820 derivatum
1033 2759 1081 2818 est
1113 2772 1286 2837 pronomen

151 2853 369 2938 possessivum
395 2855 519 2939 cuius,
548 2856 648 2940 quod,
682 2862 725 2922 ut·
744 2857 789 2921 ait
810 2855 990 2921 Priscianus
1017 2855 1051 2919 in
1079 2855 1099 2919 l.
1122 2853 1214 2918 XVII
1237 2854 1287 2934 10,

151 2953 233 3036 142,
255 2959 319 3018 tam
342 2954 600 3039 interrogativum
623 2975 694 3022 esse
716 2962 820 3040 potest
841 2977 935 3040 quam
956 2956 1131 3022 relativum.
1175 2954 1286 3020 Cicero

150 3053 231 3120 illud
253 3055 500 3121 lucrationibus
523 3057 649 3140 quidem
672 3077 798 3141 semper
825 3078 883 3143 pro
904 3057 1036 3122 relativo
1057 3055 1161 3140 posuit
1182 3074 1285 3138 neque

149 3174 284 3238 usquam
313 3156 405 3220 aliter
431 3157 493 3221 nisi
525 3158 557 3222 in
584 3157 679 3223 rebus
707 3156 885 3222 forensibus
908 3164 940 3222 et
960 3156 1120 3222 iudicariis
1143 3156 1282 3240 protulit.

150 3256 269 3322 Exstat
288 3262 408 3322 autemz
438 3257 471 3322 in
493 3258 580 3323 Verr.
602 3259 619 3323 I
640 3258 716 3340 1423
750 3259 837 3324 Verr.
860 3259 891 3322 ll
913 3258 984 3343 127,
1007 3258 1059 3323 ubi
1080 3257 1113 3321 in
1134 3257 1206 3340 lege
1229 3256 1285 3321 ali·

151 3376 218 3441 qua
238 3356 447 3441 conspicituu3
472 3360 560 3425 Verr.
583 3359 631 3424 III
653 3359 778 3439 163111
800 3361 850 3428 68.

236 3457 336 3523 Huius
363 3458 555 3542 pronominis
581 3479 657 3526 usus
685 3481 746 3525 nou
776 3461 840 3527 late
869 3459 1010 3545 patuisse
1039 3458 1178 3536 videtur,
1215 3477 1287 3524 cum

151 3563 280 3645 praeter
307 3558 468 3641 Plautum,
506 3561 674 3644 Catonem,
707 3562 902 3638 Terentium,
939 3559 1092 3625 Lucilium
1128 3559 1287 3640 (30,104

152 3658 233 3741 Μ.),
268 3659 403 3726 Gellium
424 3662 575 3746 perpauci
598 3663 767 3747 scriptores
789 3662 867 3728 illud
889 3660 1082 3728 admiserint.
1126 3659 1174 3724 Of.
1196 3658 1286 3725 Neue

151 3758 200 3823 ΙΙ2
221 3759 291 3828 234.
1092 3790 1096 3799 ·

235 3863 265 3940 ὅ.
287 3861 338 3927 12.
380 3860 500 3944 Unus,
528 3868 648 3946 totus,
677 3863 822 3928 nullus.
866 3861 1010 3926 Genetivi
1034 3858 1166 3924 formam
1186 3859 1285 3924 nulli

150 3979 209 4046 pro
239 3961 363 4044 vulgari
390 3963 545 4028 nullius
576 3965 752 4029 invenimus
774 3962 807 4028 in
829 3981 873 4030 or.
896 3982 927 4046 p.
949 3962 1041 4026 Roec.
1065 3960 1097 4024 0.
1120 3959 1175 4026 48:
1218 3959 1287 4036 ,llet

152 4063 214 4127 boe
236 4062 423 4148 principium
446 4064 581 4148 improbi
603 4065 715 4147 animi,
737 4062 844 4128 miseri
866 4061 996 4146 ingenii,
1019 4060 1119 4125 nulli
1142 4061 1285 4126 consilii!

154 4162 203 4228 Of.
225 4162 379 4229 Meissner
400 4163 442 4229 ad
463 4165 536 4229 Ter.
558 4165 655 4231 Andr.
677 4185 706 4230 v.
724 4165 786 4232 008
807 4170 838 4230 et
861 4163 931 4228 Lor.
954 4163 996 4227 ad
1018 4162 1064 4226 Pl.
1085 4162 1150 4226 Mil.
1173 4182 1202 4228 v.
1215 4162 1285 4229 354.

152 4263 244 4331 Neue
266 4263 299 4328 H
320 4264 381 4332 253
398 4284 467 4348 sqq.
502 4265 618 4348 ,Nullo‘
640 4272 745 4331 autem
767 4285 825 4350 pro
846 4264 948 4330 nulli
971 4263 1120 4347 scriptum
1142 4263 1286 4327 videmus

154 4366 189 4429 in
220 4365 363 4431 oratione
395 4385 424 4449 p.
448 4364 571 4441 Quinct.
595 4366 630 4433 5:
670 4367 765 4450 ‚quod
796 4366 823 4430 si
844 4371 877 4431 tu
900 4364 996 4429 iudex
1017 4365 1105 4429 nullo
1126 4362 1285 4448 praesidio

154 4466 252 4532 fuisse
274 4465 424 4533 videbere
445 4471 555 4532 contra
575 4467 639 4533 vim
653 4471 685 4532 et
701 4467 838 4550 gratiam
852 4465 1011 4532 solitudini
1033 4472 1126 4548 atque
1148 4464 1284 4550 inopiae‘
