2880 5040
251 361 293 429 12
690 446 694 455 Ι
713 363 747 422 Η.
766 363 914 423 Η51111111111.

251 538 283 598 51
315 533 347 597 in
369 533 457 598 Verr.
479 533 506 598 V
528 534 603 602 103:
636 533 772 615 ,tabulas
806 535 866 600 sibi
900 536 988 600 collo
1022 535 1203 600 adiumento
1235 532 1383 599 futuras!

251 634 449 718 Quamquam
477 634 560 699 enim
591 653 661 699 cum
694 634 748 699 alii
780 636 838 699 viri
860 636 945 702 docti
966 637 995 716 1)
1022 634 1329 701 1515115551358.
1352 634 1384 698 Π

250 734 312 802 256
333 735 365 799 in
387 735 436 800 lris
459 734 613 819 exemplis
635 733 791 801 ablativos
805 742 859 800 aut
875 742 1052 820 agnoscunt
1067 741 1122 801 aut
1142 740 1228 801 certe
1249 734 1383 818 agnosci

250 855 344 920 posse
366 841 506 901 statuunt
527 834 597 900 coll.
621 835 711 918 epist.
734 836 776 900 ad
805 836 879 901 fam.
902 838 983 903 XIII
1004 838 1060 905 71:
1099 836 1192 918 ,hano
1223 854 1382 900 commen-

250 935 409 1001 dationem
441 935 503 1001 sibi
530 954 646 1018 magno
669 954 727 1000 usu
749 941 844 1020 atque
865 938 1046 1002 adiumento
1069 937 1190 1018 fuisse‘,
1222 936 1283 1001 hoc
1311 935 1382 1020 ipso

249 1043 355 1102 tamen
376 1036 446 1102 loeo
468 1055 527 1100 555
548 1055 605 1120 pro
626 1036 733 1103 dativo
755 1037 974 1121 accipiendum
995 1056 1067 1102 esse
1090 1042 1121 1101 et
1142 1036 1206 1101 alia
1220 1035 1383 1101 Ciceronis

251 1138 398 1222 exempla
421 1137 482 1222 (ad
501 1136 575 1202 tam.
592 1136 671 1200 XVI
692 1138 722 1219 4,
745 1138 766 1205 2
787 1145 911 1222 sumptu
932 1138 1081 1223 parcere)
1106 1143 1137 1201 ct
1149 1136 1296 1202 Caesaris
1320 1136 1383 1202 duo

251 1238 483 1318 demonstrant,
506 1237 536 1301 b.
560 1237 619 1303 civ.
641 1236 674 1301 Π
695 1238 731 1305 7:
753 1258 852 1305 naves
875 1240 960 1305 nullo
983 1240 1052 1304 usui
1074 1238 1213 1319 fuerunt,
1237 1243 1269 1302 ct
1289 1237 1320 1302 b.
1344 1237 1382 1302 G.

250 1338 295 1403 VI
318 1339 371 1405 13:
405 1338 490 1403 nullo
522 1337 691 1403 adhibetur
724 1328 867 1404 oonsilio.
909 1341 1011 1405 Maius
1046 1339 1140 1404 etiam
1173 1337 1383 1422 patrocinium

140 1496 145 1505 .
251 1439 357 1504 dativo
380 1438 503 1503 accedit
524 1458 565 1503 cx
586 1458 629 1503 or.
653 1458 683 1522 p.
706 1440 784 1504 Mur.
808 1440 864 1508 12:
899 1460 1014 1523 magno
1043 1440 1223 1504 adiumento
1244 1438 1277 1501 in
1300 1438 1382 1522 peri-

251 1539 345 1620 culis,
369 1540 482 1605 solatio
504 1539 536 1603 in
557 1538 735 1620 laboribus,
763 1540 997 1623 gratulationi
1018 1541 1049 1605 in
1071 1539 1297 1620 victoriatum,
1333 1540 1383 1605 oui

252 1640 440 1706 contrarium
468 1646 517 1705 cst
547 1641 630 1723 quod
657 1641 774 1724 legitur
801 1641 833 1705 in
855 1660 905 1725 ep.
927 1642 968 1706 ad
991 1644 1055 1707 Att.
1077 1642 1109 1706 X
1132 1642 1180 1722 18,
1202 1642 1236 1706 1:
1270 1640 1383 1706 maiori

252 1740 477 1825 impedimento
498 1739 630 1808 fuerunt.

334 1842 477 1925 Denique
498 1842 601 1907 forma
621 1860 720 1906 unae
743 1841 843 1906 estin
866 1861 910 1908 or.
922 1862 952 1925 p.
965 1841 1046 1907 Tull.
1059 1841 1117 1909 36:
1139 1840 1211 1922 ,hoo
1232 1840 1383 1906 iudicium

251 1943 297 2008 sio
319 1948 521 2027 exspectatur
527 1991 536 2024 ,
564 1950 682 2009 utnon
704 1961 785 2007 unae
806 1943 853 2008 rei
874 1944 987 2027 statui,
1020 1944 1078 2009 sed
1100 1940 1244 2008 omnibus
1267 1942 1381 2007 consti·

250 2043 296 2110 tui
317 2048 460 2128 putetur!
506 2043 555 2110 cf.
577 2044 668 2110 Neue
689 2043 735 2107 ΙΙ2
755 2042 825 2122 255.
1163 2062 1165 2066 ·

642 2211 680 2279 V.
724 2209 776 2276 lto
797 2208 984 2276 adverbiis.

333 2348 362 2428 ξ.
385 2346 435 2412 13.
477 2345 597 2428 1111111,
621 2365 819 2430 quorsum,
840 2364 1000 2410 rursum.
1043 2342 1234 2407 Adverbium
1264 2342 1383 2425 inibi,

253 2447 381 2531 Plauto,
409 2446 535 2528 Catoni,
563 2447 715 2529 Varroni,
744 2448 835 2511 Auot.
869 2443 1068 2525 1111123,
1098 2442 1220 2525 Gellio,
1248 2444 1383 2528 Apuleio

252 2549 415 2629 usitatum,
448 2548 497 2612 bis
518 2549 602 2631 quod
624 2567 685 2631 ego
707 2548 822 2630 sciam,
856 2547 967 2613 Cicero
989 2544 1109 2628 posuit,
1131 2544 1198 2608 scil.
1221 2545 1253 2607 in
1275 2563 1319 2611 or.
1342 2544 1383 2609 de

252 2650 273 2713 l.
295 2669 362 2732 agr.
385 2649 462 2716 120
503 2649 540 2728 ‚si
562 2649 710 2732 superbia
731 2654 806 2713 nata
827 2648 904 2712 inibi
927 2665 998 2711 5555
1020 2665 1061 2710 cx
1083 2643 1315 2728 Campanorum
1337 2645 1352 2709 1
1371 2683 1382 2693 -

253 2750 346 2816 stidio
368 2749 510 2831 videtur‘,
540 2755 571 2814 ct
592 2751 624 2814 in
646 2749 726 2813 Phil.
749 2747 827 2812 XIV
849 2749 888 2830 5,
920 2747 974 2813 ubi
996 2745 1084 2828 ,inibi
1107 2749 1189 2810 esre‘
1212 2745 1295 2811 idem
1317 2746 1383 2813 1515

254 2856 302 2916 551
324 2849 407 2933 quod
427 2851 472 2931 ,in
495 2869 533 2915 eo
555 2855 646 2916 esse‘.
690 2850 737 2916 cf.
761 2849 879 2914 Handii
899 2847 1033 2913 Turseli.
1055 2846 1085 2928 3,
1107 2845 1177 2912 381.

335 2950 524 3027 Quorsum
546 2955 726 3016 constanter
748 2950 857 3016 Cicero
879 2950 1005 3033 scripsit
1026 2948 1058 3011 in
1080 2946 1288 3031 orationibus,
1312 2967 1383 3013 cum

253 3052 285 3115 in
306 3051 442 3134 dlalogis
464 3050 596 3117 formam
624 3070 792 3135 quorsus
823 3048 1006 3116 antetulisse
1029 3048 1182 3112 videatur.
1225 3047 1383 3114 0111511-

253 3150 332 3234 vigii
354 3151 459 3217 adnot.
482 3152 598 3217 adfin.
620 3152 687 3236 16,
710 3152 760 3219 19.
803 3151 948 3217 Ceterum
979 3149 1109 3231 dignum
1134 3154 1183 3211 551
1209 3157 1384 3216 memoratu

254 3290 295 3299 -
316 3252 400 3335 quod
422 3251 602 3318 Woelfflino
623 3253 787 3319 1151155-
808 3251 991 3317 Ciceronem
1027 3249 1088 3313 hoo
1120 3248 1303 3313 adverbium
1341 3251 1384 3315 ad

255 3371 373 3437 paucas
396 3353 549 3435 quasdam
571 3353 721 3419 formulas
743 3372 920 3434 revocasse,
943 3372 1013 3417 cum
1034 3350 1147 3416 ceteris
1169 3349 1202 3413 in
1224 3351 1302 3415 locis
1315 3352 1384 3417 eius

253 3454 323 3519 loco
353 3457 435 3537 ‚quo‘
468 3454 668 3520 substitutum
699 3455 747 3519 sit.
791 3453 938 3537 Inprimis
961 3453 1044 3519 enim
1067 3471 1138 3516 cum
1159 3451 1256 3516 verbo
1276 3452 1382 3534 ,perti-

254 3559 340 3621 ncrc‘
370 3555 504 3638 aliisque
532 3555 561 3619 ei
589 3556 733 3638 cognatis
755 3554 954 3636 coniungitur
977 3562 1031 3619 aut
1052 3552 1148 3619 verbo
1179 3551 1383 3636 ,disputandi‘

255 3656 425 3738 adseritur,
454 3655 537 3738 quod
559 3655 660 3720 eidem
682 3656 748 3721 1515
770 3655 992 3738 significationi
1014 3654 1158 3734 inservit,
1186 3659 1239 3718 aut
1260 3673 1317 3737 per
1340 3655 1383 3719 el-

254 3756 349 3840 lipsin
371 3756 505 3841 ponitur.
551 3756 662 3840 Itaque
684 3757 833 3840 legimus:
856 3757 897 3822 de
918 3756 1000 3822 dom.
1025 3755 1099 3823 116:
1122 3772 1281 3836 ,quorsum
1302 3754 1384 3819 haec

467 3937 675 3953 ,-.--

327 4021 359 4089 1)
393 4018 434 4075 ef.
453 4019 624 4075 Nielaendcr
641 4021 670 4074 in
688 4035 868 4089 programm:
889 4021 955 4087 ,Der
972 4017 1098 4075 factitivc
1116 4016 1203 4071 Dativ
1221 4017 1248 4071 in
1269 4016 1324 4071 den
1339 4018 1384 4074 Oi·

256 4107 486 4164 ceronianischen
511 4107 668 4176 Schriften‘,
694 4108 864 4164 Krotoschin
892 4111 974 4177 1874,
999 4124 1027 4176 p.
1047 4109 1097 4164 31:
1136 4106 1209 4172 „Der
1234 4107 1384 4163 Gebrauoh

256 4199 306 4254 des
325 4198 439 4253 Ablativ
467 4199 503 4254 ist
526 4214 577 4254 aus
601 4198 721 4254 talseher
745 4197 887 4269 Analogia
913 4200 962 4254 der
981 4195 1104 4265 Sprache
1129 4196 1308 4264 entstanden‚
1338 4198 1385 4254 die

255 4303 357 4356 magno
377 4288 537 4344 adiumento
557 4305 621 4345 esse
641 4289 725 4343 alicui
744 4287 788 4342 tur
809 4289 864 4343 den
884 4288 948 4344 Abl.
967 4285 1052 4352 hielt,
1081 4283 1213 4339 withrend
1232 4286 1283 4340 der
1302 4285 1384 4342 facti·

255 4378 314 4432 tive
334 4376 379 4432 die
399 4378 611 4448 ursprungliche
630 4379 686 4434 und
705 4377 742 4432 im
752 4378 854 4434 Wescn
873 4378 922 4436 der
940 4376 1063 4448 Spracbc
1081 4375 1255 4447 begrtindete
1269 4378 1384 4432 Auffas-

256 4483 328 4538 sung
345 4468 408 4523 ist.“
